1674 2506
712 166 828 191 OHAP.
861 155 922 192 18.
1429 156 1477 193 37

160 259 231 306 vir,
260 262 306 295 ut
334 258 374 295 in
402 259 469 295 illa
496 258 705 308 quisquam
733 270 814 295 esse
841 261 972 294 aetate
1002 261 1170 306 poterat,
1200 258 1327 295 omnis
1355 258 1476 296 divini

157 324 278 368 atque
308 320 476 357 humani
506 319 615 357 iuris.
670 320 885 356 Auctorem
918 319 1119 357 doctrinae
1147 320 1241 367 eius,
1272 320 1365 369 quia
1397 333 1476 357 non
1498 334 1517 358 2

157 384 269 417 extat
296 380 408 426 alius,
430 380 527 417 falso
547 380 725 417 Samium
745 380 1014 429 Pythagoram
1038 380 1173 427 edunt,
1194 394 1311 430 quem
1343 381 1476 418 Servio

156 441 282 478 Tullio
301 446 492 491 regnante
512 441 661 478 Romae
675 445 835 478 centum
850 442 1019 490 amplius
1038 446 1124 491 post
1143 454 1268 479 annos
1282 443 1324 479 in
1336 442 1476 478 ultima

157 503 297 540 Italiae
324 515 393 539 ora
421 503 522 539 circa
546 502 827 550 Metapontum
856 502 1169 551 Heracleamque
1195 506 1236 539 et
1262 502 1475 540 Crotonam

155 565 342 601 iuvenum
361 563 650 600 aemulantium
678 562 809 599 studia
836 566 968 599 coetus
994 563 1174 600 habuisse
1193 567 1355 600 constat.
1415 563 1478 599 Ex
1496 578 1517 613 3

155 625 297 675 quibus
327 624 432 669 locis,
466 624 540 661 etsi
577 623 749 660 eiusdem
782 623 926 660 aetatis
959 623 1111 670 fuisset,
1147 637 1246 673 quae
1285 623 1396 661 fama
1433 625 1476 661 in

156 686 343 723 Sabinos?
398 685 485 722 Aut
503 697 582 734 quo
600 684 758 733 linguae
773 684 999 721 commercio
1014 697 1252 734 quemquam
1265 685 1315 722 ad
1329 685 1474 735 cupidi-

153 751 280 785 tatem
308 746 478 784 discendi
509 746 740 783 excivisset?
787 746 921 790 Quove
953 746 1146 795 praesidio
1180 759 1283 783 unus
1315 759 1386 796 per
1414 750 1476 783 tot

154 812 291 859 gentes
322 809 495 846 dissonas
522 821 698 845 sermone
727 809 975 857 moribusque
1004 809 1270 858 pervenisset?
1328 809 1474 858 Suopte
1493 825 1518 858 4

154 870 277 920 igitur
295 870 451 920 ingenio
471 874 733 920 temperatum
753 871 930 907 animum
954 870 1170 907 virtutibus
1188 870 1310 907 fuisse
1337 870 1475 919 opinor

154 931 288 980 magis,
325 931 642 980 instructumque
679 943 758 967 non
795 935 876 967 tam
914 931 1130 980 peregrinis
1166 931 1318 969 artibus
1354 944 1473 980 quam

154 992 358 1042 disciplina
385 993 527 1029 tetrica
555 1005 600 1029 ac
626 992 732 1029 tristi
752 996 930 1029 veterum
960 992 1207 1038 Sabinorum,
1228 1005 1305 1041 quo
1333 1005 1474 1041 genere

154 1054 307 1091 nullum
327 1054 527 1104 quondam
546 1054 813 1103 incorruptius
831 1053 920 1091 fuit.

205 1115 358 1153 Audito
385 1115 542 1152 nomine
561 1115 719 1152 Numae
746 1119 877 1164 patres
896 1115 1078 1162 Romani,
1098 1127 1338 1165 quamquam
1366 1116 1474 1152 incli-
1494 1134 1513 1172 5

152 1176 240 1213 nari
258 1189 348 1226 opes
375 1177 425 1213 ad
455 1176 617 1213 Sabinos
636 1188 726 1225 rege
752 1175 843 1213 inde
872 1182 1028 1226 sumpto
1058 1177 1307 1223 videbantur,
1337 1182 1472 1214 tamen

151 1249 277 1287 neque
308 1250 349 1274 se
377 1238 585 1286 quisquam
615 1250 685 1274 nec
712 1236 896 1273 factionis
924 1250 1016 1274 suae
1044 1238 1166 1274 alium
1199 1250 1269 1275 nec
1306 1238 1472 1288 denique

152 1301 312 1347 patrum
338 1302 410 1335 aut
439 1298 583 1335 civium
612 1310 850 1347 quemquam
880 1299 1080 1348 praeferre
1107 1299 1166 1335 illi
1193 1300 1278 1337 viro
1305 1300 1392 1337 ausi
1423 1301 1472 1338 ad

152 1372 274 1396 unum
304 1372 438 1396 omnes
465 1359 621 1396 Numae
650 1359 840 1409 Pompilio
869 1373 1036 1409 regnum
1064 1360 1317 1397 deferendum
1347 1361 1473 1398 decer-

151 1424 264 1458 nunt.
331 1420 505 1467 Accitus,
539 1421 640 1457 sicut
679 1421 871 1459 Romulus
904 1427 1102 1471 augurato
1140 1422 1237 1459 urbe
1273 1423 1472 1460 condenda
1492 1434 1513 1469 6

150 1495 316 1532 regnum
335 1481 501 1531 adeptus
519 1488 590 1528 est,
611 1482 659 1519 de
677 1494 717 1519 se
735 1495 887 1532 quoque
907 1483 996 1519 deos
1015 1483 1166 1520 consuli
1186 1484 1311 1520 iussit.
1372 1484 1471 1520 Inde

149 1543 199 1580 ab
217 1556 376 1592 augure,
397 1543 459 1580 cui
480 1543 618 1580 deinde
637 1543 795 1580 honoris
813 1556 905 1593 ergo
925 1545 1127 1594 publicum
1155 1544 1195 1581 id
1222 1549 1472 1594 perpetuum-

149 1617 224 1654 que
259 1604 521 1642 sacerdotium
558 1604 648 1650 fuit,
688 1604 878 1641 deductus
915 1605 957 1642 in
995 1618 1123 1642 arcem
1168 1606 1211 1643 in
1256 1606 1386 1656 lapide
1422 1607 1470 1643 ad

149 1665 349 1702 meridiem
380 1678 516 1702 versus
547 1665 730 1702 consedit.
786 1666 931 1716 Augur
965 1667 1013 1704 ad
1045 1666 1198 1703 laevam
1229 1667 1312 1704 eius
1345 1668 1470 1717 capite
1491 1687 1509 1723 7

149 1727 279 1763 velato
293 1727 421 1763 sedem
434 1726 548 1775 cepit,
565 1726 706 1763 dextra
722 1740 841 1764 manu
853 1728 1038 1764 baculum
1058 1728 1141 1764 sine
1156 1728 1257 1765 nodo
1268 1728 1469 1766 aduncum

148 1792 301 1832 tenens,
330 1800 447 1837 quem
474 1787 619 1824 lituum
648 1788 910 1837 appellarunt.
967 1789 1068 1827 Inde
1096 1790 1164 1826 ubi
1192 1794 1397 1839 prospectu
1427 1791 1469 1827 in

148 1849 286 1886 urbem
304 1861 521 1898 agrumque
539 1853 654 1899 capto
674 1850 763 1886 deos
781 1855 963 1900 precatus
982 1852 1158 1900 regiones
1178 1853 1227 1889 ab
1249 1852 1401 1889 oriente
1419 1852 1469 1889 ad

147 1923 324 1948 occasum
354 1910 643 1957 determinavit,
673 1911 832 1948 dextras
860 1912 907 1949 ad
937 1912 1136 1950 meridiem
1164 1917 1308 1962 partes,
1337 1913 1469 1951 laevas

147 1971 196 2009 ad
210 1973 528 2022 septemtrionem
545 1985 625 2009 esse
640 1972 751 2018 dixit,
766 1973 922 2022 signum
937 1979 1087 2021 contra,
1104 1975 1233 2024 quoad
1247 1975 1469 2024 longissime
1487 1988 1508 2022 g

147 2037 396 2083 conspectum
415 2033 516 2071 oculi
534 2033 726 2080 ferebant,
747 2035 878 2071 animo
900 2036 1028 2072 finivit
1043 2049 1053 2083 3
1083 2040 1169 2073 tum
1197 2036 1298 2074 lituo
1321 2037 1364 2072 in
1393 2037 1467 2073 lae-

148 2107 237 2131 vam
269 2107 432 2131 manum
466 2094 661 2132 translato
697 2095 838 2132 dextra
870 2096 912 2132 in
941 2100 1061 2145 caput
1098 2096 1255 2134 Numae
1285 2098 1467 2147 imposita

147 2159 328 2204 precatus
354 2156 411 2192 ita
430 2160 510 2194 est:
542 2156 738 2206 “Iuppite
765 2161 892 2205 pater,
921 2157 954 2194 si
982 2162 1041 2195 est
1069 2157 1129 2195 fas
1156 2159 1261 2195 hunc
1289 2159 1466 2195 Numam
1487 2183 1508 2219 9

148 2216 396 2266 Pompilium,
440 2217 550 2254 cuius
588 2230 659 2266 ego
695 2223 813 2267 caput
851 2222 975 2265 teneo,
1016 2231 1145 2268 regem
1185 2220 1335 2257 Romae
1372 2233 1464 2266 esse,

148 2277 208 2314 uti
235 2282 281 2315 tu
312 2279 422 2328 signa
458 2279 568 2315 nobis
600 2283 708 2316 certa
737 2279 968 2317 adclarassis
1000 2281 1106 2317 inter
1137 2294 1199 2318 eos
1229 2282 1337 2327 fines,
1371 2295 1466 2331 quos
