1674 2506
665 152 800 179 onAPs.
832 142 867 189 5,
898 142 933 180 6.
1407 147 1454 183 23

193 246 243 283 V.
273 246 363 283 Iam
382 250 469 283 tum
489 245 532 283 in
551 244 708 282 Palatio
731 248 865 282 monte
894 246 1087 296 Lupercal
1115 247 1187 285 hoc
1216 247 1334 286 fuisse
1361 248 1457 286 ludi·
1481 263 1496 287 1

137 320 247 344 crum
285 307 433 354 ferunt,
471 311 512 345 et·
539 321 563 344 a
591 307 810 354 Pallanteo,
839 308 936 345 urbe
963 308 1169 356 Arcadica,
1199 309 1456 356 Pallantium,

139 368 228 405 dein
248 367 449 405 Palatium
467 371 641 405 montem
661 368 917 418 appellatum.
972 369 1035 406 Ibi
1054 370 1302 417 Euandrum,
1323 372 1392 420 qui
1409 384 1457 408 ex
1479 383 1498 407 2

137 443 182 468 eo
200 442 342 480 genere
353 430 557 467 Arcadum
577 430 713 467 multis
731 433 826 467 ante
844 432 1148 480 tempestatibus
1167 433 1342 469 tenuerit
1361 433 1456 479 loca,

137 491 323 528 sollemne
352 491 518 527 allatum
549 503 597 527 ex
625 491 799 528 Arcadia
827 491 1057 538 instituisse,
1092 497 1139 530 ut
1166 494 1264 530 nudi
1296 494 1457 530 iuvenes

136 553 333 602 Lycaeum
354 551 467 588 Pana
488 556 722 589 venerantes
751 565 820 601 per
838 552 968 590 lusum
996 557 1116 603 atque
1143 554 1344 592 lasciviam
1375 568 1458 592 cur—

135 617 281 659 rerent,
302 625 419 662 quem
440 613 612 650 Romani
632 613 770 651 deinde
790 620 1030 652 vocaverunt
1051 616 1211 653 Inuum.
1261 617 1368 653 Huic
1397 617 1458 653 de-
1479 629 1500 664 3

135 675 229 712 ditis
247 675 408 721 ludicro,
428 687 517 712 cum
536 675 722 712 sollemne
749 680 889 713 notum
917 681 1028 723 esset,
1049 677 1253 716 insidiatos
1278 679 1327 715 ob
1354 679 1456 715 iram

137 737 306 786 praedae
333 737 498 773 amissae
526 736 711 784 latrones,
731 749 821 774 cum
850 737 1043 775 Romulus
1070 739 1110 775 vi
1138 752 1177 776 se
1206 740 1457 786 defendisset,

139 799 307 836 Remum
336 800 492 848 cepisse,
512 803 673 848 captum
692 800 775 849 regi
794 800 955 837 Amulio
983 801 1190 838 tradidisse
1216 801 1324 839 ultro
1351 815 1459 839 accu-

137 863 281 897 santes.
339 860 504 897 Crimini
522 862 694 898 maxime
712 861 862 898 dabant
880 863 923 898 in
951 862 1174 899 Numitoris
1193 876 1307 912 agros
1335 864 1386 900 ab
1412 863 1460 900 iis
1478 876 1501 909 4

138 922 331 971 impetum
350 921 436 958 fieri
449 935 460 968 ;
489 921 579 958 inde
598 934 662 958 eos
681 922 840 959 collecta
858 923 973 959 iuven
981 936 1045 959 um
1066 936 1187 960 manu
1216 924 1394 961 hostilem
1418 925 1459 960 in

138 983 296 1020 modum
314 983 483 1032 praedas
503 995 628 1032 agere.
685 983 746 1021 Sic
764 984 968 1021 Numitori
987 985 1036 1021 ad
1055 985 1289 1035 supplicium
1310 986 1460 1023 Remus

137 1043 305 1081 deditur.

191 1106 278 1142 Iam
297 1105 389 1143 inde
407 1106 457 1143 ab
475 1106 591 1144 initio
618 1107 811 1144 Faustulo
838 1119 926 1156 spes
954 1107 1088 1145 fuerat
1117 1109 1265 1158 regiam
1294 1110 1458 1158 stirpem
1481 1122 1499 1160 5

137 1168 244 1218 apud
279 1180 320 1204 se
357 1167 542 1205 educari:
578 1181 673 1205 nam
703 1173 743 1206 et
772 1171 967 1215 expositos
1003 1170 1110 1207 iussu
1147 1170 1250 1220 regis
1286 1171 1460 1207 infantes

137 1230 296 1276 sciebat,
330 1233 371 1266 et
401 1232 570 1279 tempus,
601 1243 678 1279 quo
706 1230 786 1280 ipse
814 1242 878 1267 eos
909 1231 1144 1275 sustulisset,
1178 1232 1226 1268 ad
1258 1232 1298 1269 id
1330 1232 1459 1281 ipsum

137 1302 373 1341 congruere3
402 1291 469 1327 sed
487 1303 570 1328 rem
590 1292 835 1328 inmaturam
856 1291 932 1328 nisi
950 1296 1023 1328 aut
1042 1304 1112 1341 per
1130 1294 1368 1330 occasionem
1389 1297 1461 1330 aut

139 1365 208 1402 per
226 1352 498 1389 necessitatem
527 1353 681 1401 aperire
700 1352 895 1389 noluerat.
952 1352 1177 1390 Necessitas
1204 1354 1312 1403 prior
1338 1354 1460 1391 venit.
1481 1359 1502 1393 6

140 1414 208 1451 Ita
227 1417 337 1451 metu
356 1413 542 1450 subactus
560 1413 730 1450 Romulo
750 1427 833 1450 rem
852 1415 991 1463 aperit.
1049 1415 1167 1452 Forte
1185 1420 1225 1452 et
1245 1415 1460 1462 Numitori,

141 1487 230 1512 cum
248 1475 292 1512 in
311 1474 487 1511 custodia
502 1474 674 1511 Remum
703 1474 879 1521 haberet,
899 1475 1151 1524 audissetque
1178 1477 1354 1525 geminos
1381 1489 1462 1513 esse

142 1536 300 1581 fratres,
332 1535 597 1585 comparando
630 1540 671 1573 et
698 1539 873 1573 aetatem
902 1549 1035 1574 eorum
1069 1541 1110 1574 et
1144 1537 1270 1587 ipsam
1301 1538 1462 1574 minime

140 1599 320 1636 servilem
356 1597 528 1634 indolem
566 1598 755 1648 tetigerat
792 1598 969 1634 animum
1016 1600 1204 1636 memoria
1249 1603 1436 1648 nepotum
1451 1614 1460 1642 ;

142 1659 451 1708 sciscitandoque
479 1659 612 1696 eodem
641 1659 834 1709 pervenit,
865 1662 911 1695 ut
930 1659 1038 1695 haud
1068 1660 1204 1708 procul
1232 1664 1343 1705 esset,
1365 1661 1461 1708 quin

141 1722 312 1759 Remum
357 1724 593 1770 agnosceret.
669 1722 738 1758 Ita
784 1720 959 1769 undique
1004 1720 1088 1770 regi
1126 1721 1237 1758 dolus
1273 1722 1459 1759 nectitur.
1485 1736 1501 1771 7

142 1782 335 1820 Romulus
361 1794 441 1818 non
469 1794 558 1818 cum
586 1782 700 1831 globo
728 1782 927 1827 iuvenum,
958 1793 1028 1818 nec
1057 1782 1162 1819 enim
1192 1787 1277 1819 erat
1304 1783 1354 1819 ad
1382 1784 1459 1820 vim

140 1848 321 1894 apertam
340 1856 423 1893 par,
445 1843 510 1880 sed
539 1843 628 1880 aliis
655 1844 733 1880 alio
760 1844 901 1880 itinere
930 1843 1044 1879 iussis
1073 1847 1180 1880 certo
1208 1847 1384 1893 tempore
1412 1845 1463 1881 ad

140 1906 290 1956 regiam
309 1906 444 1943 venire
461 1906 684 1955 pastoribus
698 1905 747 1942 ad
765 1918 897 1953 regem
910 1905 1102 1954 impetum
1122 1906 1231 1951 facit,
1247 1910 1288 1943 et
1308 1919 1332 1942 a
1351 1906 1463 1943 domo

141 1968 364 2006 Numitoris
409 1967 489 2004 alia
524 1972 754 2017 comparata
790 1980 913 2004 manu
950 1967 1116 2004 adiuvat
1161 1968 1322 2005 Remus.
1396 1968 1463 2004 Ita

141 2042 273 2079 regem
299 2029 550 2066 obtruncant.

196 2151 274 2190 VI.
301 2150 491 2188 Numitor
521 2151 629 2188 inter
664 2151 836 2200 primum
874 2152 1093 2188 tumultum
1121 2151 1244 2188 hostis
1279 2151 1467 2188 invasisse
1490 2171 1504 2195 1

145 2213 283 2250 urbem
302 2216 423 2261 atque
441 2213 599 2249 adortos
616 2213 767 2262 regiam
787 2213 983 2259 dictitans,
998 2225 1087 2250 cum
1106 2213 1247 2262 pubem
1268 2213 1467 2249 Albanam

148 2275 191 2311 in
228 2286 357 2310 arcem
393 2273 585 2323 praesidio
614 2274 810 2323 armisque
842 2274 1098 2311 obtinendam
1130 2278 1338 2320 avocasset,
1366 2279 1468 2320 post-
