1674 2506
178 119 227 156 36
770 130 860 156 LIVY
889 131 915 155 1.

177 222 452 271 possessionem
480 222 634 272 imperii
662 223 905 269 amitterent,
931 222 992 259 sui
1019 221 1189 271 corporis
1216 221 1341 259 creari
1367 235 1496 272 regem

177 284 361 321 volebant
374 298 384 331 3
405 284 575 321 Romani
591 288 741 320 veteres
754 283 1007 332 peregrinum
1020 296 1151 333 regem
1167 283 1495 332 aspernabantur.

136 349 157 384 3
177 346 229 382 In
247 345 368 383 variis
386 346 659 382 voluntatibus
676 345 837 393 regnari
856 350 992 382 tamen
1020 357 1154 382 omnes
1172 344 1358 381 volebant
1385 343 1497 381 liber—

135 416 159 449 4
176 405 271 442 tatis
314 405 518 442 dulcedine
559 405 734 441 nondum
776 408 948 454 experta.
1022 405 1156 442 Timor
1192 404 1330 441 deinde
1366 408 1498 454 patres

176 466 342 513 incessit,
374 479 423 503 ne
459 467 661 503 civitatem
698 467 782 504 sine
818 467 993 516 imperio,
1027 466 1242 503 exercitum
1274 466 1357 503 sine
1388 465 1496 512 duce,

175 527 393 564 multarum
413 527 514 564 circa
527 527 748 564 civitatium
759 527 934 564 inritatis
945 527 1089 564 animis
1099 527 1159 564 vis
1178 527 1312 576 aliqua
1332 530 1497 564 externa

175 588 406 626 adoriretur.
463 589 518 625 Et
536 601 616 626 esse
635 589 758 638 igitur
776 589 933 638 aliquod
958 594 1078 638 caput
1106 588 1296 638 placebat,
1317 593 1358 625 et
1383 600 1497 625 nemo

138 650 291 691 Salteri
317 650 525 687 concedere
553 650 596 687 in
622 647 799 687 animum
826 650 1051 687 inducebat.
1109 650 1175 687 Ita
1202 663 1285 687 rem
1317 650 1424 686 inter
1455 661 1496 686 se

176 716 335 748 centum
352 716 486 761 patres
505 711 635 748 decem
654 711 821 748 decuriis
845 711 963 749 factis
988 711 1230 761 singulisque
1255 711 1298 748 in
1321 710 1495 760 singulas

175 772 348 810 decurias
367 773 520 819 creatis,
541 772 610 821 qm·
637 785 814 809 summae
843 785 975 809 rerum
1002 779 1238 821 praeessent,
1258 772 1494 809 consociant.

176 835 319 871 Decem
338 833 634 882 imperitabant,
652 846 755 869 unus
774 846 862 869 cum
882 833 1100 882 insignibus
1119 832 1272 881 imperii
1293 836 1333 870 et
1351 832 1494 869 lictori-

135 890 156 925 6
175 895 247 931 bus
265 898 353 931 erat
366 908 376 941 3
402 894 567 943 quinum
588 894 739 930 dierum
759 895 887 942 spatio
906 894 1117 931 finiebatur
1135 894 1346 942 imperium
1364 907 1410 931 ac
1427 907 1496 943 per

175 968 307 993 omnes
335 955 377 991 in
405 955 537 991 orbem
561 955 669 1002 ibat3
699 967 955 1004 annuumque
982 955 1239 992 intervallum
1266 955 1378 1004 regni
1405 955 1492 992 fuit.

176 1018 225 1054 Id
257 1018 308 1054 ab
336 1030 390 1063 re,
425 1016 529 1066 quod
565 1029 671 1053 nunc
701 1029 855 1065 quoque
889 1021 997 1053 tenet
1033 1029 1190 1062 nomen,
1223 1016 1494 1066 interregnum

136 1087 153 1122 7
174 1078 426 1128 appellatum.
485 1078 667 1115 Fremere
693 1077 829 1114 deinde
856 1078 974 1127 plebs,
995 1077 1299 1126 multiplicatam
1327 1078 1492 1115 servitu·

174 1145 266 1186 tem,
287 1144 447 1177 centum
466 1152 537 1188 pro
556 1152 635 1175 uno
655 1139 830 1176 dominos
849 1140 976 1176 factos
988 1153 998 1182 ;
1029 1152 1100 1176 nec
1129 1138 1235 1176 ultra
1261 1139 1336 1176 nisi
1363 1151 1493 1188 regem

133 1193 155 1228 8
173 1205 214 1237 et
234 1201 282 1237 ab
301 1201 395 1250 ipsis
414 1204 591 1238 creatum
610 1200 848 1237 videbantur
867 1201 1029 1250 passuri.
1087 1201 1186 1237 Cum
1211 1200 1423 1238 sensissent
1448 1213 1494 1238 ea

174 1262 321 1300 moveri
351 1266 492 1311 patres,
523 1262 764 1298 offerendum
794 1262 898 1298 ultro
925 1262 1004 1298 rati
1031 1261 1133 1311 quod
1160 1262 1341 1299 amissuri
1367 1266 1492 1307 erant,

174 1325 232 1361 ita
251 1323 422 1373 gratiam
442 1323 582 1359 ineunt
597 1335 751 1359 summa
770 1327 964 1372 potestate
983 1323 1125 1372 populo
1139 1323 1339 1372 permissa,
1356 1327 1402 1361 ut
1413 1336 1494 1360 non

133 1390 155 1425 9
173 1386 262 1435 plus
280 1385 420 1422 darent
442 1385 539 1421 iuris
566 1397 687 1433 quam
706 1385 939 1422 detinerent.
1000 1385 1269 1422 Decreverunt
1297 1385 1413 1431 enim,
1434 1389 1492 1432 ut,

173 1461 261 1484 cum
287 1447 454 1496 populus
482 1459 612 1496 regem
640 1446 826 1491 iussisset,
846 1445 886 1482 id
914 1447 967 1483 sic
994 1449 1129 1482 ratum
1157 1450 1269 1492 esset,
1299 1446 1333 1483 si
1361 1450 1494 1495 patres

174 1512 352 1545 auctores
371 1507 523 1544 fierent.
573 1507 702 1543 Hodie
722 1519 875 1556 quoque
895 1507 936 1542 in
955 1507 1106 1555 legibus
1117 1507 1493 1556 magistratibusque

172 1567 356 1618 rogandis
375 1572 614 1616 ursurpatur
632 1567 734 1603 idem
755 1566 814 1603 ius
834 1567 871 1602 vi
893 1567 1099 1616 adempta:
1125 1567 1355 1617 priusquam
1375 1581 1492 1618 popu-

172 1630 234 1666 lus
276 1629 508 1677 suffragium
546 1628 668 1674 ineat,
706 1628 748 1664 in
785 1628 979 1665 incertum
1018 1628 1264 1665 comitiorum
1307 1633 1492 1666 eventum

111 1697 155 1720 10
173 1695 306 1740 patres
338 1696 515 1727 auctores
546 1690 659 1726 fiunt.
736 1691 836 1727 Tum
874 1691 1049 1727 interrex
1084 1691 1264 1728 contione
1300 1691 1492 1729 advocata

174 1755 195 1771 “
211 1751 314 1800 quod
326 1751 472 1787 bonum
492 1750 669 1787 faustum
685 1750 855 1799 felixque
867 1751 918 1787 sit
930 1750 949 1765 ''
964 1751 1106 1799 inquit,
1124 1753 1146 1771 “
1161 1750 1344 1798 Quirites,
1360 1763 1491 1800 regem

173 1816 327 1850 create:
355 1812 414 1848 ita
442 1812 626 1861 patribus
646 1812 773 1848 visum
804 1816 872 1848 est.
931 1811 1070 1848 Patres
1098 1812 1247 1858 deinde,
1267 1813 1300 1849 si
1328 1813 1492 1862 dignum

173 1874 239 1922 qui
258 1873 449 1910 secundus
461 1873 510 1908 ab
523 1872 692 1908 Romulo
707 1876 939 1908 numeretur
958 1873 1142 1918 crearitis,
1164 1876 1340 1909 auctores
1361 1873 1439 1910 fien
1461 1873 1492 1910 .'’

109 1944 149 1968 11
171 1934 281 1970 Adeo
300 1934 339 1970 id
359 1938 518 1982 gratum
538 1933 640 1982 plebi
669 1932 759 1978 fuit,
780 1937 838 1978 ut,
859 1945 908 1969 ne
928 1933 1022 1969 victi
1046 1933 1229 1970 beneficio
1249 1934 1489 1980 viderentur,

171 1995 211 2031 id
240 1993 352 2031 modo
380 1994 586 2030 sciscerent
607 1993 876 2041 iuberentque,
905 1996 951 2029 ut
981 1998 1143 2030 senatus
1171 1994 1395 2031 decerneret
1423 1995 1489 2043 qui

171 2057 321 2092 Romae
339 2058 536 2104 regnaret.

134 2183 149 2206 1
223 2178 389 2214 XVIII.
448 2177 593 2213 Inclita
613 2176 766 2212 iustitia
784 2177 997 2225 religioque
1017 2188 1061 2213 ea
1081 2180 1315 2225 tempestate
1334 2177 1489 2214 Numae

174 2238 340 2287 Pompili
374 2242 471 2274 erat.
544 2237 713 2274 Curibus
743 2237 898 2273 Sabinis
930 2237 1147 2282 habitabat,
1181 2237 1490 2274 consultissimus
