1674 2506
182 115 231 152 26
763 127 855 152 LIVY
891 127 917 152 1.

182 218 335 256 tissima
368 218 463 256 olim
490 219 532 255 in
565 219 683 256 terris
715 232 811 269 gens
848 220 1061 257 maximam
1091 224 1201 258 vocet
1237 224 1385 270 tuoque
1421 221 1501 257 ritu

119 286 160 310 11
181 279 293 316 colat.
384 280 539 317 Dextra
568 279 759 317 Hercules
786 279 882 317 data
911 281 1086 330 accipere
1122 294 1163 318 se
1190 294 1304 318 omen
1331 281 1502 331 inpletu-

119 356 161 381 12
181 356 349 392 rumque
368 343 456 380 fata
476 356 547 380 ara
565 343 724 380 condita
752 356 798 380 ac
826 343 954 381 dicata
981 345 1051 381 ait.
1126 345 1190 381 Ibi
1217 349 1304 382 tum
1332 345 1503 395 primum

185 405 280 442 bove
312 404 456 441 eximia
488 408 605 454 capta
634 404 680 441 de
717 417 834 454 grege
862 418 1016 442 sacrum
1045 406 1211 443 Herculi
1239 406 1427 443 adhibitis
1455 406 1504 442 ad

183 466 448 503 ministerium
468 465 688 515 dapemque
707 465 866 503 Potitiis
884 479 931 503 ac
956 466 1139 513 Pinariis,
1160 479 1262 516 quae
1285 471 1374 504 tum
1393 466 1504 504 fami-

120 543 163 577 13
182 528 259 564 liae
297 527 470 564 maxime
506 526 665 563 inclitae
701 539 748 564 ea
782 527 866 564 loca
902 528 1137 574 incolebant,
1167 528 1330 565 factum.
1388 528 1506 565 Forte

182 589 240 626 ita
257 589 400 635 evenit,
421 592 469 624 ut
488 588 628 625 Potitii
647 589 698 625 ad
717 593 873 638 tempus
899 593 1055 639 praesto
1081 594 1224 635 essent,
1246 590 1385 639 hisque
1411 593 1506 627 exta

182 653 489 699 apponerentur,
528 649 681 687 Pinarii
721 651 823 687 extis
859 650 984 688 adesis
1018 651 1070 688 ad
1115 654 1285 688 ceteram
1323 652 1506 688 venirent

181 712 332 760 dapem.
390 712 491 748 Inde
519 711 751 749 institutum
788 713 946 760 mansit,
986 712 1106 750 donec
1137 713 1344 750 Pinarium
1380 725 1506 763 genus

119 786 166 820 14
182 773 274 820 fuit,
295 785 345 809 ne
366 773 467 809 extis
486 772 732 809 sollemnium
753 778 1015 811 vescerentur.
1072 773 1211 810 Potitii
1237 774 1290 811 ab
1317 774 1506 811 Euandro

183 834 307 871 edocti
325 834 525 872 antistites
543 836 644 872 sacri
663 835 745 872 eius
764 847 833 884 per
851 835 998 872 multas
1017 839 1171 873 aetates
1189 835 1368 880 fuerunt,
1385 835 1506 872 donec

189 896 335 932 tradito
367 896 489 933 servis
520 896 686 946 publicis
721 896 901 934 sollemni
930 896 1101 933 familiae
1137 896 1356 934 ministerio
1383 909 1507 946 genus

119 970 163 1008 15
183 970 298 994 omne
318 957 556 994 Potitiorum
584 957 750 994 interiit.
808 958 920 995 Haec
947 961 1035 995 tum
1063 970 1175 994 sacra
1203 957 1398 995 Romulus
1425 971 1506 995 una

185 1031 234 1056 ex
271 1019 454 1055 omnibus
485 1019 696 1068 peregrina
741 1019 922 1069 suscepit,
961 1020 1041 1055 iam
1076 1022 1167 1056 tum
1204 1019 1506 1056 inmortalitatis

184 1080 335 1116 virtute
354 1084 501 1130 partae,
516 1080 567 1117 ad
584 1091 706 1128 quam
726 1092 816 1117 eum
835 1093 907 1117 sua
925 1080 1014 1117 fata
1033 1080 1243 1127 ducebant,
1262 1080 1406 1118 fautor.

145 1203 162 1229 1
238 1201 367 1238 VIII.
398 1201 532 1238 Rebus
561 1201 704 1239 divinis
721 1202 799 1240 rite
827 1202 1068 1252 perpetratis
1094 1206 1314 1252 vocataque
1341 1202 1393 1240 ad
1420 1215 1507 1240 con-

187 1263 320 1300 cilium
340 1261 609 1310 multitudine,
629 1276 730 1313 quae
756 1264 967 1301 coalescere
993 1264 1037 1301 in
1063 1264 1197 1314 populi
1225 1265 1342 1301 unius
1369 1276 1508 1313 corpus

186 1325 299 1362 nulla
318 1338 361 1362 re
380 1329 659 1375 praeterquam
677 1325 829 1374 legibus
855 1329 1022 1375 poterat,
1043 1325 1131 1362 iura
1159 1325 1268 1362 dedit
1281 1338 1292 1372 3
1320 1337 1422 1374 quae
1448 1325 1508 1362 ita

145 1407 165 1432 2
188 1391 327 1424 sancta
347 1387 480 1436 generi
499 1386 704 1423 hominum
723 1387 869 1437 agresti
887 1386 971 1424 fore
990 1392 1112 1434 ratus,
1132 1387 1163 1424 si
1183 1399 1222 1424 se
1240 1387 1320 1436 ipse
1348 1399 1509 1424 venera-

188 1448 305 1485 bilem
343 1448 562 1497 insignibus
599 1448 753 1498 imperii
794 1447 960 1495 fecisset,
998 1461 1087 1485 cum
1124 1452 1252 1485 cetero
1289 1447 1432 1486 habitu
1468 1460 1508 1485 se

187 1510 467 1559 augustiorem,
489 1513 575 1546 tum
595 1510 766 1546 maxime
778 1509 980 1547 lictoribus
999 1509 1200 1547 duodecim
1214 1510 1382 1559 sumptis
1399 1509 1506 1547 fecit.

145 1580 167 1617 3
185 1570 270 1607 Alii
289 1571 339 1607 ab
358 1583 522 1607 numero
541 1571 687 1617 avium,
710 1583 813 1620 quae
831 1570 998 1620 augurio
1018 1583 1183 1619 regnum
1211 1571 1507 1620 portenderant,

187 1645 277 1670 eum
298 1636 476 1669 secutum
504 1645 716 1670 numerum
744 1636 917 1682 putant3
946 1645 1009 1669 me
1037 1633 1141 1669 haud
1169 1633 1348 1681 paenitet
1374 1644 1508 1670 eorum

187 1693 406 1730 sententiae
425 1705 518 1739 esse,
539 1693 680 1742 quibus
699 1697 738 1730 et
758 1694 1003 1743 apparitores
1021 1694 1093 1731 hoc
1118 1706 1242 1743 genus
1260 1694 1312 1731 ab
1331 1694 1509 1731 Etruscis

190 1754 381 1800 finitimis,
411 1754 516 1790 unde
544 1754 642 1791 sella
672 1754 829 1801 curulis,
858 1754 962 1791 unde
990 1758 1083 1804 toga
1109 1758 1318 1804 praetexta
1349 1758 1508 1805 sumpta

189 1819 259 1861 est,
300 1819 341 1852 et
378 1828 588 1852 numerum
631 1828 785 1865 quoque
820 1816 948 1864 ipsum
985 1815 1145 1852 ductum
1183 1816 1338 1865 placet3
1375 1819 1417 1853 et
1451 1815 1510 1853 ita

191 1876 375 1913 habuisse
408 1875 605 1923 Etruscos,
634 1877 738 1926 quod
765 1889 814 1913 ex
841 1876 1042 1913 duodecim
1070 1877 1223 1926 populis
1250 1877 1510 1915 communiter

189 1942 322 1976 creato
350 1950 442 1987 rege
469 1938 642 1988 singulos
669 1938 812 1987 singuli
841 1938 974 1988 populi
1002 1938 1156 1975 lictores
1184 1938 1374 1976 dederint.

145 2017 169 2051 4
242 1999 450 2036 Crescebat
486 1999 646 2036 interim
684 2000 778 2036 urbs
813 1999 1100 2036 munitionibus
1138 1999 1218 2036 alia
1264 2003 1386 2049 atque
1430 2000 1510 2037 alia

189 2060 412 2110 adpetendo
443 2060 540 2107 loca,
574 2073 661 2097 cum
694 2061 737 2097 in
765 2073 873 2110 spem
900 2062 1026 2110 magis
1053 2060 1214 2098 futurae
1241 2061 1510 2099 multitudinis

151 2134 306 2181 5quam
337 2121 388 2158 ad
421 2121 472 2168 id,
504 2121 609 2170 quod
636 2126 722 2158 tum
742 2122 946 2158 hominum
966 2124 1065 2167 erat,
1084 2121 1300 2158 munirent.
1358 2121 1510 2159 Deinde

190 2196 240 2220 ne
283 2196 389 2219 vana
430 2183 539 2219 urbis
579 2183 811 2232 magnitudo
849 2186 962 2230 esset,
990 2182 1214 2219 adiciendae
1241 2182 1511 2220 multitudinis

191 2258 309 2282 causa
329 2249 461 2281 vetere
479 2244 637 2281 consilio
657 2244 908 2280 condentium
928 2244 1056 2290 urbes,
1076 2243 1145 2292 qui
1164 2244 1370 2281 obscuram
1387 2247 1510 2294 atque
