1674 2506
193 114 242 151 44
783 126 876 151 mvi·
904 126 928 152 1.

154 236 168 259 1
243 217 381 255 XXV.
411 217 580 255 Foedere
615 218 693 255 icto
728 217 930 266 trigemini
976 216 1078 254 sicut
1115 222 1354 255 convenerat
1400 231 1512 255 arma

190 279 360 328 capiunt.
418 279 578 316 Armati
615 291 703 316 cum
739 279 800 315 sui
837 282 1026 327 utrosque
1063 278 1384 326 adhortarentur,
1423 279 1514 316 deos

189 340 340 390 patrios
368 341 538 388 patriam
569 353 614 376 ac
646 343 842 388 parentes,
871 339 1060 388 quidquid
1086 339 1230 375 civium
1259 339 1374 386 domi,
1404 339 1514 389 quid-

190 401 283 451 quid
319 402 362 438 in
395 401 567 437 exercitu
596 401 659 447 sit,
688 400 845 437 illorum
884 404 981 437 tunc
1011 413 1134 446 arma,
1171 401 1328 437 illorum
1366 401 1514 438 intueri

189 475 341 509 manus,
370 462 517 499 feroces
552 465 593 498 et
628 464 766 510 suopte
798 461 956 510 ingenio
994 464 1034 498 et
1071 462 1177 510 pleni
1215 461 1513 499 adhortantium

152 543 169 566 2
189 525 347 561 vocibus
375 523 418 560 in
445 523 616 560 medium
644 523 751 559 inter
783 522 880 559 duas
910 523 1012 559 acies
1040 523 1266 571 procedunt.
1324 523 1512 561 Consede-

189 588 284 623 rant
318 584 520 633 utrimque
557 597 627 634 pro
664 585 803 621 castris
839 584 914 621 duo
952 584 1149 621 exercitus
1186 584 1351 633 periculi
1388 584 1514 633 magis

190 646 406 697 praesentis
424 658 544 694 quam
563 657 680 682 curae
700 648 879 694 expertes
895 659 903 682 ε
930 646 1073 694 quippe
1091 645 1301 694 imperium
1322 646 1514 695 agebatur

190 709 231 744 in
254 711 339 745 tam
368 720 580 757 paucorum
609 707 758 743 virtute
787 710 907 755 atque
937 707 1100 743 fortuna
1128 707 1311 756 positum.
1369 707 1514 756 Itaque

189 782 280 818 ergo
316 768 435 806 erecti
471 768 726 817 suspensique
769 769 812 804 in
849 768 1010 804 minime
1047 771 1208 817 gratum
1246 768 1513 817 spectaculum

149 849 169 884 3
189 831 319 867 animo
364 829 639 866 incenduntur.
716 829 850 866 Datur
896 830 1064 878 signum,
1103 829 1335 879 infestisque
1380 828 1512 875 armis,

189 891 298 928 velut
330 891 442 935 acies,
471 892 576 927 terni
613 891 773 927 iuvenes
810 903 1044 939 magnorum
1082 890 1327 927 exercituum
1363 890 1514 927 animos

189 957 369 1002 gerentes
398 956 648 988 concurrunt.
707 952 791 988 Nec
828 951 889 988 his
921 963 992 988 nec
1028 951 1105 987 illis
1137 951 1354 1001 periculum
1385 964 1512 998 suum,

189 1013 388 1063 publicum
419 1013 625 1062 imperium
659 1013 942 1062 servitiumque
973 1013 1207 1049 obversatur
1239 1013 1371 1050 animo
1403 1013 1512 1050 futu-

147 1093 171 1127 4
188 1087 312 1124 raque
336 1087 382 1111 ea
409 1074 547 1111 deinde
572 1075 727 1124 patriae
754 1074 931 1120 fortuna,
953 1087 1072 1123 quam
1100 1074 1175 1123 ipsi
1202 1074 1396 1112 fecissent.
1452 1074 1513 1113 Ut

188 1136 314 1186 primo
333 1136 470 1173 statim
490 1148 679 1173 concursu
699 1136 930 1185 increpuere
948 1148 1062 1172 arma
1081 1137 1350 1185 micantesque
1369 1135 1513 1173 fulsere

189 1198 321 1247 gladii,
351 1197 489 1234 horror
525 1198 664 1247 ingens
692 1198 908 1247 spectantis
935 1197 1180 1246 perstringit,
1209 1201 1250 1234 et
1277 1200 1420 1234 neutro
1455 1197 1512 1234 in-

149 1277 168 1315 5
188 1260 335 1296 clinata
372 1272 439 1308 spe
475 1259 660 1307 torpebat
697 1271 773 1296 vox
809 1258 1058 1307 spiritusque.
1133 1258 1333 1295 Consertis
1375 1258 1513 1296 deinde

188 1320 372 1357 manibus
390 1333 479 1357 cum
503 1320 583 1357 iam
602 1333 682 1357 non
704 1324 833 1356 motus
858 1323 1019 1356 tantum
1044 1332 1248 1369 corporum
1268 1319 1512 1369 agitatioque

188 1393 328 1430 anceps
345 1380 514 1418 telorum
535 1393 826 1430 armorumque,
847 1380 913 1417 sed
935 1380 1101 1417 vulnera
1120 1391 1274 1428 quoque
1294 1384 1334 1416 et
1352 1381 1512 1430 sanguis

188 1442 409 1491 spectaculo
446 1446 586 1488 essent,
619 1441 694 1478 duo
729 1441 902 1478 Romani
934 1454 1050 1490 super
1083 1441 1204 1477 alium
1236 1441 1338 1478 alius
1375 1442 1512 1478 vulne-

149 1510 171 1546 6
188 1503 286 1540 ratis
313 1504 443 1541 tribus
479 1504 650 1541 Albanis
677 1503 903 1553 expirantes
940 1506 1185 1540 corruerunt.
1241 1502 1306 1539 Ad
1344 1515 1511 1552 quorum

187 1578 321 1602 casum
343 1578 431 1602 cum
451 1565 732 1603 conclamasset
759 1565 903 1614 gaudio
930 1565 1114 1602 Albanus
1138 1564 1344 1612 exercitus,
1366 1565 1510 1602 Roma-

188 1641 260 1665 nas
286 1627 457 1677 legiones
482 1629 561 1664 iam
581 1640 666 1677 spes
692 1631 787 1674 tota,
808 1627 983 1664 nondum
1002 1630 1139 1664 tamen
1157 1639 1252 1663 cura
1271 1627 1509 1673 deseruerat,

187 1689 386 1725 exanimes
416 1690 498 1726 vice
528 1689 656 1734 unius,
691 1701 807 1737 quem
840 1691 922 1725 tres
950 1687 1118 1725 Curiatii
1155 1687 1509 1725 circumsteterant.

150 1763 168 1800 7
189 1750 306 1786 Forte
341 1750 374 1786 is
410 1750 564 1799 integer
590 1749 681 1796 fuit,
710 1754 757 1786 ut
790 1750 983 1786 universis
1011 1750 1114 1787 solus
1151 1762 1398 1799 nequaquam
1425 1762 1509 1799 par,

188 1811 241 1847 sic
268 1809 454 1847 adversus
484 1811 657 1860 singulos
684 1810 805 1847 ferox
863 1811 969 1860 Ergo
1001 1815 1048 1848 ut
1080 1814 1304 1859 segregaret
1336 1823 1508 1859 pugnam

188 1883 335 1916 eorum,
368 1872 534 1920 capessit
571 1871 720 1920 fugam,
756 1871 815 1908 ita
851 1874 964 1908 ratus
993 1875 1204 1915 secuturos,
1233 1875 1280 1907 ut
1317 1883 1510 1921 quemque

149 1940 169 1974 8
188 1932 350 1969 vulnere
376 1932 576 1969 adfectum
608 1945 747 1981 corpus
779 1933 936 1969 sineret.
993 1933 1083 1969 Iam
1112 1932 1363 1982 aliquantum
1391 1933 1510 1982 spatii

188 2006 236 2030 ex
263 2005 307 2029 eo
334 1993 426 2039 loco,
456 1993 523 2030 ubi
551 1997 773 2043 pugna-tum
811 1997 882 2040 est,
912 1993 1138 2043 aufugerat,
1176 2007 1264 2030 cum
1301 1993 1510 2042 respiciens

189 2053 295 2090 videt
322 2055 476 2103 magnis
512 2054 732 2091 intervallis
759 2059 977 2104 sequentes,
1006 2067 1131 2091 unum
1158 2054 1267 2091 haud
1295 2055 1430 2104 procul
1458 2055 1509 2091 ab

149 2136 170 2171 9
189 2126 269 2152 sese
288 2114 430 2151 abesse.
485 2115 536 2151 In
555 2128 644 2152 eum
665 2128 809 2165 magno
828 2115 979 2164 impetu
997 2115 1115 2152 rediit
1122 2128 1133 2162 ;
1153 2119 1194 2152 et
1213 2115 1307 2152 dum
1325 2115 1510 2152 Albanus

189 2175 380 2212 exercitus
412 2176 602 2213 inclamat
639 2176 838 2223 Curiatiis,
869 2176 931 2213 uti
962 2189 1073 2226 opem
1106 2175 1240 2213 ferant
1270 2176 1399 2221 fratri,
1431 2176 1508 2214 iam

190 2236 382 2273 Horatius
418 2249 528 2274 caeso
564 2237 675 2274 hoste
711 2237 837 2274 victor
873 2238 1081 2274 secundam
1124 2250 1299 2288 pugnam
1336 2238 1504 2287 petebat.
