1674 2506
692 163 808 190 CHAP.
839 153 874 198 8,
903 152 939 190 9.
1421 150 1469 188 27

151 259 341 297 humilem
375 259 584 297 conciendo
620 258 672 295 ad
707 270 749 296 se
788 257 1088 294 multitudinem
1128 259 1267 293 natam
1304 268 1325 293 e
1360 258 1471 292 terra

151 322 224 359 sibi
244 322 391 371 prolem
411 320 740 365 ementiebantur,
761 318 901 365 locum,
921 318 990 367 qui
1017 330 1123 355 nunc
1142 320 1301 366 saeptus
1320 316 1471 353 descen-

151 382 335 420 dentibus
353 383 458 419 inter
477 381 571 418 duos
589 381 696 417 lucos
710 383 780 425 est,
794 379 946 428 asylum
959 379 1099 428 aperit.
1156 379 1213 414 Eo
1232 390 1278 414 ex
1295 377 1472 413 finitimis
1491 377 1512 411 6

150 443 304 494 populis
320 444 441 480 turba
468 443 594 480 omnis
620 443 704 478 sine
733 441 967 487 discrimine,
997 441 1097 477 liber
1126 452 1179 476 an
1203 452 1338 476 servus
1358 442 1469 483 esset,

151 505 267 543 avida
288 517 480 542 novarum
509 517 641 541 rerum
661 503 850 553 perfugit,
871 503 989 552 idque
1014 504 1185 552 primum
1215 501 1265 537 ad
1292 505 1470 550 coeptam

152 566 468 616 magnitudinem
496 565 646 602 roboris
673 564 763 602 fuit.
820 564 919 601 Cum
947 565 1026 601 iam
1054 563 1199 600 virium
1218 562 1326 599 haud
1345 561 1511 611 paeni-7

151 631 267 675 teret,
287 627 491 665 consilium
503 626 643 664 deinde
655 625 804 663 viribus
815 630 933 675 parat
947 638 954 661 :
969 629 1128 662 centum
1141 627 1249 661 creat
1260 627 1470 669 senatores,

152 689 233 726 sive
251 689 344 738 quia
363 689 396 725 is
414 700 602 725 numerus
619 688 714 724 satis
741 691 840 732 erat,
862 687 942 723 sive
961 687 1054 735 quia
1075 686 1145 722 soli
1165 689 1323 722 centum
1342 688 1471 730 erant,

151 751 220 800 qui
239 750 363 787 creari
381 753 517 798 patres
534 751 713 798 possent:
743 751 877 796 patres
906 751 1012 785 certe
1038 747 1090 784 ab
1118 747 1277 793 honore,
1298 745 1471 795 patricii-

152 824 229 862 que
247 810 450 860 progenies
469 822 603 847 eorum
622 808 825 857 appellati.

205 935 282 972 IX.
313 934 401 970 Iam
427 946 490 970 res
521 931 705 969 Romana
727 931 822 969 adeo
844 936 931 969 erat
956 931 1097 976 valida,
1125 935 1173 968 ut
1199 930 1359 968 cuilibet
1391 930 1473 966 fini·
1498 945 1511 969 1

151 995 344 1032 timarum
363 994 572 1031 civitatum
601 992 701 1029 bello
730 1006 802 1042 par
830 997 931 1030 esset
946 1008 956 1039 3
984 993 1050 1030 sed
1080 992 1245 1041 penuria
1264 991 1473 1028 mulierum

153 1056 322 1094 hominis
347 1060 520 1094 aetatem
548 1055 741 1092 duratura
769 1055 1004 1104 magnitudo
1031 1059 1129 1101 erat,
1158 1055 1302 1103 quippe
1335 1053 1475 1102 quibus

153 1133 225 1158 nec
260 1120 363 1156 domi
400 1132 486 1169 spes
518 1117 637 1168 prolis
675 1130 746 1154 nec
783 1131 872 1154 cum
905 1118 1083 1154 finitimis
1123 1116 1289 1153 conubia
1332 1120 1472 1153 essent.

153 1182 254 1219 Tum
291 1193 341 1218 ex
377 1180 536 1218 consilio
573 1184 734 1229 patrum
773 1179 966 1216 Romulus
1002 1179 1153 1228 legatos
1189 1178 1289 1215 circa
1327 1178 1476 1215 vicinas
1496 1192 1514 1216 2

152 1247 290 1293 gentes
325 1243 444 1288 misit,
482 1241 550 1290 qui
587 1242 815 1279 societatem
853 1240 1142 1289 conubiumque
1187 1252 1288 1276 novo
1334 1239 1476 1289 populo

152 1308 357 1354 peterent:
386 1303 503 1340 urbes
534 1316 688 1353 quoque
721 1306 766 1339 ut
797 1305 928 1338 cetera
965 1314 1014 1338 ex
1045 1302 1180 1338 infimo
1210 1301 1319 1338 nasci
1333 1314 1345 1348 3
1373 1301 1474 1347 dein,
1496 1311 1516 1346 3

152 1379 252 1415 quas
270 1378 342 1403 sua
361 1367 490 1402 virtus
508 1378 554 1402 ac
573 1365 627 1402 dii
655 1366 804 1409 iuvent,
825 1377 992 1414 magnas
1011 1377 1100 1413 opes
1118 1364 1191 1400 sibi
1211 1376 1477 1413 magnumque

153 1439 296 1464 nomen
314 1427 452 1464 facere.
510 1426 616 1463 Satis
634 1427 730 1463 scire
749 1425 890 1474 origini
911 1425 1116 1462 Romanae
1135 1429 1175 1462 et
1195 1425 1283 1462 deos
1303 1424 1476 1461 adfuisse
1495 1434 1518 1467 4

153 1491 195 1525 et
213 1501 294 1525 non
312 1487 542 1524 defuturam
562 1487 762 1524 virtutem.
820 1486 991 1523 Proinde
1005 1499 1055 1524 ne
1073 1490 1337 1536 gravarentur
1357 1486 1477 1523 homi-

154 1562 223 1586 nes
258 1562 347 1586 cum
382 1548 604 1585 hominibus
640 1548 874 1597 sanguinem
907 1560 952 1584 ac
990 1560 1115 1596 genus
1146 1548 1317 1584 miscere.
1374 1546 1477 1584 Nus-
1497 1556 1516 1593 5

154 1623 274 1660 quam
307 1610 476 1659 benigne
502 1610 648 1659 legatio
675 1609 814 1646 audita
840 1612 921 1645 est:
951 1609 1046 1646 adeo
1075 1608 1191 1646 simul
1223 1608 1476 1658 spernebant,

154 1673 270 1709 simul
299 1676 457 1709 tantam
489 1671 531 1708 in
562 1672 689 1709 medio
717 1674 954 1708 crescentem
981 1671 1121 1707 molem
1141 1670 1214 1707 sibi
1242 1684 1286 1707 ac
1313 1669 1479 1719 posteris

155 1734 236 1770 suis
266 1733 522 1780 metuebant3
550 1746 596 1770 ac
624 1732 819 1782 plerisque
846 1732 1112 1781 rogitantibus
1143 1732 1302 1777 dimissi,
1333 1731 1478 1780 ecquod

156 1795 313 1832 feminis
331 1807 485 1844 quoque
503 1795 657 1845 asylum
678 1793 946 1843 aperuissent:
975 1794 1014 1830 id
1033 1795 1137 1831 enim
1157 1793 1314 1831 demum
1333 1806 1479 1842 conpar

153 1856 363 1893 conubium
391 1855 485 1893 fore.
542 1857 672 1906 Aegre
702 1856 743 1893 id
781 1855 964 1892 Romana
997 1855 1119 1905 pubes
1146 1867 1270 1905 passa,
1302 1857 1343 1892 et
1371 1853 1478 1891 haud
1497 1863 1519 1898 6

156 1917 274 1954 dubie
292 1917 341 1954 ad
359 1917 439 1954 vim
458 1922 636 1966 spectare
659 1930 722 1954 res
739 1917 878 1966 coepit.

207 1978 283 2016 Oui
311 1982 468 2027 tempus
498 1978 703 2028 locumque
735 1983 875 2029 aptum
902 1981 950 2015 ut
979 1978 1092 2015 daret
1121 1977 1326 2024 Romulus,
1356 1977 1479 2026 aegri-

154 2040 334 2077 tudinem
353 2040 477 2076 animi
490 2040 742 2078 dissimulans
760 2040 870 2078 ludos
889 2052 937 2076 ex
948 2039 1145 2076 industria
1161 2043 1278 2089 parat
1289 2039 1478 2088 Neptuno

161 2101 345 2150 Equestri
359 2101 555 2138 sollemnis
566 2115 577 2148 ;
598 2101 807 2138 Consualia
820 2104 943 2138 vocat.
1000 2100 1128 2138 Indici
1147 2100 1285 2137 deinde
1299 2099 1478 2137 finitimis
1499 2116 1517 2152 7

156 2163 421 2212 spectaculum
449 2163 570 2209 iubet,
599 2167 828 2212 quantoque
856 2166 1054 2212 apparatu
1082 2165 1169 2198 tum
1199 2162 1375 2199 sciebant
1407 2164 1478 2198 aut

155 2227 342 2274 poterant
368 2224 655 2270 concelebrant,
683 2228 730 2260 ut
757 2237 841 2261 rem
868 2223 1015 2260 claram
1034 2227 1360 2274 expectatamque
1379 2222 1479 2259 face-

156 2288 258 2323 rent.
333 2284 457 2322 Multi
486 2285 672 2322 mortales
708 2297 938 2331 convenere,
976 2285 1106 2321 studio
1134 2284 1256 2321 etiam
1289 2283 1478 2320 videndae
1497 2290 1522 2327 8
