1674 2506
695 175 811 201 CHAP.
843 164 902 200 47.
1413 162 1460 198 69

143 267 280 305 festius
300 268 426 317 coepit
451 280 616 317 regnum
634 279 727 304 esse.
784 267 873 303 Iam
901 265 1006 302 enim
1034 265 1086 302 ab
1112 265 1252 302 scelere
1279 264 1329 301 ad
1356 263 1463 300 aliud

142 332 316 378 spectare
346 328 486 365 mulier
515 328 646 373 scelus,
677 339 748 364 nec
775 330 888 363 nocte
917 338 987 363 nec
1015 325 1188 363 interdiu
1216 324 1345 361 virum
1374 336 1464 361 con-

142 390 315 440 quiscere
342 390 437 439 pati,
459 402 508 426 ne
527 389 706 438 gratuita
734 388 946 438 praeterita
968 387 1173 437 parricidia
1202 390 1354 424 essent:
1384 398 1463 422 non

142 452 215 489 sibi
241 452 419 497 defuisse,
448 451 511 488 cui
537 454 664 499 nupta
691 450 896 495 diceretur,
919 461 988 486 nec
1016 462 1105 485 cum
1133 460 1210 498 quo
1238 447 1360 484 tacita
1388 459 1465 483 ser-

142 513 265 559 viret;
286 513 462 558 defuisse,
485 513 552 561 qui
571 525 610 549 se
629 524 749 561 regno
768 511 929 560 dignum
949 514 1118 559 putaret,
1136 509 1205 559 qui
1223 509 1464 546 meminisset
1484 521 1504 545 2

144 586 184 610 se
221 586 302 610 esse
335 573 455 611 Prisci
488 572 677 622 Tarquini
709 573 846 618 filium,
876 572 944 621 qui
977 571 1122 608 habere
1154 583 1274 619 quam
1307 581 1464 619 sperare

144 647 309 684 regnum
330 634 476 671 mallet.
534 637 557 654 “
571 633 612 671 Si
634 638 679 670 tu
707 634 741 670 is
759 646 810 679 es,
831 633 894 669 cui
913 636 1082 681 nuptam
1101 644 1182 668 esse
1201 644 1263 668 me
1281 630 1462 677 arbitror,
1482 640 1505 677 3

143 700 185 733 et
199 696 329 732 virum
349 698 389 732 et
408 707 539 744 regem
559 695 732 744 appello:
753 695 813 731 sin
832 694 974 738 minus,
988 706 1032 729 eo
1052 706 1158 730 nunc
1177 692 1287 741 peius
1306 694 1464 728 mutata

143 770 204 794 res
232 761 302 803 est,
323 757 426 805 quod
444 756 532 793 istic
550 769 637 793 cum
656 756 814 805 ignavia
834 758 893 791 est
911 755 1044 791 scelus.
1101 754 1207 798 Quin
1226 751 1464 802 accingeris?

144 818 235 855 Non
255 818 328 854 tibi
355 818 406 854 ab
426 816 615 854 Corintho
633 828 704 852 nec
731 816 780 851 ab
799 815 1032 864 Tarquiniis,
1056 818 1101 851 ut
1120 814 1226 863 patri
1254 818 1334 859 tuo,
1357 825 1464 862 pere·
1483 825 1506 858 4

143 880 257 929 grina
284 891 406 928 regna
433 878 563 914 moliri
590 889 743 914 necesse
770 882 828 913 est
842 890 851 923 ;
880 876 920 913 di
947 880 988 912 te
1010 879 1173 925 penates
1199 875 1398 924 patriique
1425 878 1465 910 et

144 941 268 990 patris
292 941 421 988 imago
449 944 489 976 et
518 939 654 975 domus
681 939 789 988 regia
817 942 857 975 et
887 938 930 974 in
955 938 1068 975 domo
1096 938 1227 986 regale
1257 937 1397 973 solium
1425 940 1465 973 et

144 1015 285 1039 nomen
304 1000 562 1050 Tarquinium
582 1004 690 1037 creat
709 1003 901 1048 vocatque
920 1012 1065 1047 regem.
1123 999 1211 1035 Aut
1238 999 1271 1035 si
1299 997 1348 1034 ad
1369 998 1465 1034 haec
1485 1008 1505 1045 5

144 1075 284 1112 parum
314 1065 373 1098 est
405 1061 539 1107 animi,
568 1060 661 1109 quid
694 1060 900 1097 frustraris
932 1059 1159 1097 civitatem?
1214 1058 1317 1103 Quid
1347 1062 1387 1096 te
1419 1062 1466 1095 ut

144 1123 296 1172 regium
327 1123 509 1158 iuvenem
539 1121 705 1169 conspici
735 1121 855 1157 sinis?
925 1121 1083 1157 Facesse
1116 1119 1207 1156 hinc
1234 1119 1466 1168 Tarquinios

144 1187 215 1220 aut
235 1183 482 1228 Corinthum,
503 1182 704 1220 devolvere
732 1185 838 1218 retro
866 1181 914 1218 ad
944 1182 1117 1231 stirpem,
1140 1180 1277 1217 fratris
1304 1180 1467 1217 similior

144 1257 263 1293 quam
295 1243 455 1292 patris.”
512 1243 588 1280 His
615 1242 779 1291 aliisque
806 1242 1048 1291 increpando
1076 1242 1258 1278 iuvenem
1286 1241 1464 1290 instigat,
1484 1246 1506 1282 6

144 1318 214 1342 nec
245 1305 513 1354 conquiescere
541 1304 626 1352 ipsa
657 1308 798 1352 potest,
818 1304 861 1349 si,
896 1316 985 1340 cum
1018 1302 1226 1352 Tanaquil,
1260 1302 1466 1351 peregrina

144 1366 295 1411 mulier,
329 1369 489 1401 tantum
527 1365 654 1401 moliri
692 1363 882 1413 potuisset
915 1364 1059 1409 animo,
1092 1367 1138 1399 ut
1170 1363 1246 1400 duo
1278 1363 1466 1400 continua

144 1440 267 1477 regna
295 1426 378 1464 viro
406 1439 452 1463 ac
480 1427 659 1476 deinceps
687 1438 829 1476 genero
858 1426 1038 1471 dedisset,
1068 1426 1165 1474 ipsa,
1185 1425 1293 1474 regio
1321 1425 1466 1461 semine

144 1494 244 1534 orta,
257 1487 411 1524 nullum
426 1491 669 1524 momentum
683 1487 725 1523 in
741 1487 869 1524 dando
881 1486 1164 1535 adimendoque
1175 1498 1296 1535 regno
1308 1485 1465 1522 faceret.

145 1549 222 1585 His
253 1548 508 1584 muliebribus
535 1547 747 1584 instinctus
775 1547 889 1583 furiis
921 1546 1161 1595 Tarquinius
1189 1546 1394 1582 circumire
1426 1549 1466 1582 et
1487 1565 1504 1600 7

144 1621 327 1658 prensare
341 1609 536 1645 minorum
551 1609 722 1646 maxime
735 1609 913 1658 gentium
928 1612 1072 1658 patres,
1085 1608 1294 1644 admonere
1308 1606 1465 1656 paterni

144 1670 329 1716 beneficii,
343 1684 385 1706 ac
404 1683 473 1719 pro
492 1683 536 1707 eo
555 1671 726 1720 gratiam
744 1674 920 1719 repetere
935 1683 946 1717 3
966 1669 1134 1705 adlicere
1153 1669 1264 1705 donis
1282 1669 1464 1716 iuvenes3

144 1735 228 1768 tum
248 1732 294 1768 de
313 1743 352 1767 se
370 1731 549 1780 ingentia
568 1731 782 1780 pollicendo
803 1736 889 1768 tum
909 1731 1012 1779 regis
1038 1731 1267 1767 criminibus
1285 1730 1466 1767 omnibus

144 1793 236 1829 locis
254 1805 433 1829 crescere.
490 1793 704 1839 Postremo,
724 1796 771 1829 ut
798 1792 875 1829 iam
895 1792 1070 1842 agendae
1088 1792 1145 1827 rei
1162 1795 1319 1840 tempus
1338 1791 1464 1827 visum
1485 1798 1506 1833 8

144 1857 214 1900 est,
245 1854 414 1902 stipatus
447 1854 604 1902 agmine
634 1859 877 1891 armatorum
909 1854 952 1890 in
981 1852 1112 1890 forum
1144 1852 1308 1901 inrupit.
1366 1851 1465 1888 Inde

145 1915 324 1951 omnibus
354 1915 540 1963 perculsis
571 1927 715 1964 pavore
748 1916 788 1951 in
820 1915 929 1964 regia
966 1914 1054 1951 sede
1087 1926 1157 1963 pro
1189 1913 1298 1950 curia
1330 1912 1465 1949 sedens

145 1979 276 2026 patres
293 1976 335 2012 in
355 1976 505 2012 curiam
524 1988 594 2025 per
612 1988 841 2025 praeconem
860 1976 911 2013 ad
930 1988 1060 2025 regem
1075 1975 1332 2023 Tarquinium
1351 1974 1465 2010 citari

144 2038 266 2074 iussit.
315 2037 540 2074 Convenere
559 2039 766 2087 extemplo,
780 2038 848 2074 alii
867 2037 943 2074 iam
964 2041 1058 2074 ante
1077 2037 1125 2073 ad
1140 2037 1211 2073 hoc
1226 2036 1464 2085 praeparati,
1490 2047 1512 2085 9

144 2098 210 2134 alii
228 2101 350 2144 metu,
369 2110 419 2134 ne
446 2111 526 2134 non
546 2099 694 2136 venisse
721 2098 854 2135 fraudi
881 2102 992 2144 esset,
1013 2098 1189 2134 novitate
1208 2110 1253 2134 ac
1279 2096 1465 2134 miraculo

144 2160 305 2197 attoniti
324 2164 364 2196 et
391 2160 470 2196 iam
489 2160 536 2196 de
557 2160 690 2197 Servio
707 2164 839 2197 actum
859 2162 950 2197 rati.
1007 2159 1071 2195 Ibi
1089 2158 1330 2207 Tarquinius
1347 2158 1464 2194 male-
1492 2173 1535 2196 10

147 2221 250 2258 dicta
269 2221 320 2257 ab
348 2221 468 2268 stirpe
493 2220 636 2257 ultima
664 2233 787 2267 orsus,
807 2233 963 2257 servum
992 2232 1182 2268 servaque
1211 2223 1351 2256 natum
1378 2222 1465 2268 post

147 2286 310 2319 mortem
343 2282 544 2331 indignam
575 2282 752 2332 parentis
779 2283 850 2329 sui,
881 2295 959 2318 non
988 2282 1225 2331 interregno,
1258 2285 1304 2318 ut
1333 2284 1461 2326 antea,
