1674 2506
698 167 812 192 CHAP.
844 156 903 192 28.
1412 159 1460 196 49

143 256 222 293 11110
257 258 298 294 in
336 257 436 295 bello
463 257 553 303 fuit,
582 256 684 306 quod
711 256 883 306 primum
911 257 970 295 dis
1006 258 1282 297 inmortalibus
1308 260 1461 309 gratias

141 319 321 367 ageretis,
342 317 480 355 deinde
498 321 652 354 vestrae
679 317 851 366 ipsorum
870 318 1024 365 virtuti,
1045 318 1275 356 hesternum
1293 320 1333 357 id
1352 333 1459 370 proe-

140 379 237 416 lium
269 380 358 416 fuit.
415 379 656 415 Dimicatum
685 382 742 415 est
771 380 875 416 enim
908 393 987 417 non
1017 381 1143 430 magis
1173 394 1262 418 cum
1281 381 1460 419 hostibus

139 453 271 489 quam,
309 453 409 490 quae
446 440 642 476 dimicatio
678 440 803 477 maior
839 444 959 490 atque
994 442 1243 491 periculosior
1270 447 1341 490 est,
1370 456 1458 480 cum

138 501 357 550 proditione
384 514 428 538 ac
454 500 616 550 perfidia
635 501 836 538 sociorum.
893 502 1013 549 Nam,
1034 516 1083 540 ne
1112 517 1179 540 vos
1198 504 1300 541 falsa
1328 505 1458 554 opinio
1478 514 1498 552 5

138 566 283 609 teneat,
312 562 462 599 iniussu
490 574 574 598 meo
602 561 752 598 Albani
780 562 931 599 subiere
960 562 1011 599 ad
1038 568 1202 610 montes,
1232 577 1303 601 nec
1339 565 1458 613 impe-

138 626 239 663 rium
260 626 358 663 illud
394 638 525 662 meum
558 626 623 662 sed
655 625 857 663 consilium
888 630 928 663 et
955 627 1108 676 imperii
1136 628 1335 665 simulatio
1365 628 1456 675 fuit,

137 693 183 726 ut
210 701 281 725 nec
308 688 427 734 vobis,
456 687 731 737 ignorantibus
759 687 881 724 deseri
907 701 985 734 vos,
1006 693 1255 726 averteretur
1283 703 1307 727 a
1336 694 1458 727 certa·

136 751 242 786 mine
277 750 444 795 animus,
473 752 514 785 et
542 748 718 785 hostibus
746 749 1021 786 circumveniri
1052 763 1093 787 se
1129 751 1180 787 ab
1218 755 1328 800 tergo
1358 752 1457 789 ratis

135 814 264 847 terror
299 823 345 847 ac
382 809 479 859 fuga
515 809 738 846 iniceretur.
796 809 880 846 Nec
916 823 963 847 ea
1000 810 1125 860 culpa,
1164 824 1281 860 quam
1319 825 1454 861 arguo,
1474 813 1496 848 6

134 873 309 909 omnium
337 872 582 908 Albanorum
615 874 699 908 est:
729 870 865 907 ducem
894 872 1016 908 secuti
1043 876 1150 919 sunt,
1171 877 1216 909 ut
1244 876 1286 909 et
1314 886 1393 919 vos,
1422 873 1455 910 si

133 946 211 982 quo
230 945 300 982 ego
318 932 409 969 inde
427 944 569 981 agmen
589 931 783 968 declinare
795 931 1014 978 voluissem,
1036 933 1233 970 fecissetis.
1285 933 1454 971 Mettius

133 995 198 1031 ille
212 998 271 1031 est
291 994 428 1031 ductor
447 993 600 1030 itineris
621 993 748 1039 huius,
764 993 932 1030 Mettius
951 994 1052 1031 idem
1073 994 1189 1031 huius
1202 995 1448 1032 machinator

132 1055 235 1102 belli,
257 1055 425 1091 Mettius
444 1053 609 1091 foederis
629 1054 797 1090 Romani
826 1055 1053 1103 Albanique
1082 1059 1231 1104 ruptor.
1288 1056 1451 1093 Audeat

132 1116 272 1153 deinde
302 1116 401 1153 talia
434 1116 546 1162 alius,
576 1116 651 1152 nisi
680 1116 722 1151 in
752 1116 855 1152 hunc
884 1116 1037 1165 insigne
1065 1117 1143 1152 iam
1172 1117 1451 1154 documentum

132 1177 363 1215 mortalibus
382 1177 556 1214 dedero.''
613 1177 872 1214 Centuriones
892 1179 1038 1215 armati
1068 1178 1259 1215 Mettium
1288 1179 1451 1216 circum·
1472 1194 1490 1231 7

130 1239 286 1276 sistunt.
342 1239 430 1275 Rex
454 1242 584 1275 cetera
613 1241 660 1274 ut
678 1251 787 1274 orsus
806 1243 893 1275 erat
919 1239 1096 1288 peragit:
1128 1239 1277 1284 “Quod
1304 1241 1449 1277 bonum

130 1298 307 1337 faustum
344 1298 516 1348 felixque
551 1299 604 1336 sit
641 1299 782 1348 populo
820 1299 998 1335 Romano
1034 1313 1079 1336 ac
1116 1301 1214 1336 mihi
1252 1301 1448 1349 vobisque,

129 1360 289 1407 Albani,
320 1360 505 1409 populum
539 1372 694 1396 omnem
728 1360 930 1396 Albanum
965 1360 1133 1397 Romam
1171 1361 1379 1398 traducere
1407 1362 1449 1398 in

129 1422 259 1459 animo
277 1426 348 1467 est,
369 1422 569 1457 civitatem
596 1421 692 1457 dare
720 1420 835 1470 plebi,
866 1422 1053 1470 primores
1072 1422 1115 1458 in
1143 1426 1277 1470 patres
1305 1423 1445 1472 legere,

129 1496 249 1520 unam
287 1483 436 1528 urbem,
470 1495 592 1518 unam
629 1495 712 1519 rem
750 1482 947 1530 publicam
986 1482 1123 1521 facere.
1184 1484 1244 1521 Ut
1282 1496 1330 1520 ex
1368 1498 1447 1522 uno

127 1544 325 1594 quondam
344 1544 386 1580 in
406 1544 501 1581 duos
519 1544 680 1593 populos
699 1544 824 1580 divisa
851 1543 1014 1580 Albana
1034 1556 1094 1580 res
1114 1548 1185 1591 est,
1205 1545 1258 1581 sic
1278 1558 1385 1581 nunc
1404 1546 1445 1582 in

127 1618 251 1642 unum
269 1604 439 1642 redeat.”
493 1605 560 1641 Ad
579 1605 675 1641 haec
693 1605 854 1641 Albana
883 1605 1004 1653 pubes
1023 1604 1183 1642 inermis
1203 1606 1253 1642 ab
1281 1607 1447 1643 armatis
1465 1622 1488 1657 g

125 1671 262 1716 saepta
281 1667 323 1702 in
342 1667 461 1703 variis
480 1666 752 1703 voluntatibus
770 1667 967 1703 communi
987 1671 1123 1703 tamen
1144 1671 1250 1704 metu
1279 1672 1443 1717 cogente

126 1728 325 1764 silentium
354 1731 474 1764 tenet.
533 1728 632 1764 Tum
661 1727 798 1763 Tullus
828 1726 985 1764 “Metti
1005 1727 1138 1764 Fufeti
1155 1728 1172 1741 ’'
1202 1729 1344 1777 inquit,
1376 1730 1446 1766 “si
1464 1753 1486 1788 9

125 1788 207 1838 ipse
236 1788 382 1824 discere
409 1800 538 1836 posses
565 1788 681 1825 fidem
719 1801 764 1825 ac
792 1787 950 1824 foedera
978 1800 1147 1833 servare,
1177 1789 1265 1825 vivo
1293 1790 1367 1825 tibi
1396 1803 1442 1826 ea

125 1849 326 1898 disciplina
356 1862 380 1886 a
413 1861 475 1885 me
503 1849 682 1886 adhibita
720 1853 844 1887 esset:
874 1862 992 1893 nunc,
1021 1851 1209 1898 quoniam
1240 1855 1356 1887 tuum
1385 1852 1443 1888 in-

124 1910 298 1947 sanabile
324 1911 528 1959 ingenium
555 1914 625 1956 est,
647 1914 690 1947 at
717 1914 763 1947 tu
793 1914 861 1947 tuo
889 1910 1078 1959 supplicio
1103 1911 1192 1948 doce
1221 1912 1442 1949 humanum

123 1984 247 2021 genus
265 1984 311 2008 ea
330 1976 472 2008 sancta
491 1971 659 2018 credere,
680 1985 781 2021 quae
796 1985 820 2008 a
839 1975 880 2008 te
908 1972 1055 2009 violata
1075 1977 1180 2009 sunt.
1239 1974 1300 2010 Ut
1319 1975 1443 2023 igitur

124 2032 241 2082 paulo
277 2035 371 2069 ante
407 2033 585 2068 animum
615 2033 722 2070 inter
758 2033 990 2070 Fidenatem
1028 2033 1330 2083 Romanamque
1358 2047 1440 2071 rem

123 2093 334 2143 ancipitem
369 2094 532 2142 gessisti,
570 2094 630 2131 ita
675 2094 754 2131 iam
787 2107 926 2143 corpus
963 2095 1106 2143 passim
1139 2095 1437 2133 distrahendum

122 2153 267 2190 dabis.’'
323 2154 475 2190 Exinde
495 2154 648 2190 duabus
668 2155 836 2191 admotis
855 2155 1054 2204 quadrigis
1073 2155 1114 2192 in
1135 2169 1272 2193 currus
1301 2170 1437 2194 earum
1465 2180 1509 2204 10

122 2214 338 2251 distentum
368 2214 510 2263 inligat
543 2214 744 2262 Mettium,
778 2216 916 2252 deinde
946 2217 988 2253 in
1015 2216 1213 2254 diversum
1241 2218 1317 2255 iter
1349 2220 1439 2268 equi

121 2275 307 2312 concitati
334 2275 507 2312 lacerum
527 2276 569 2313 in
588 2281 756 2327 utroque
775 2290 893 2313 curru
914 2290 1065 2326 corpus,
1086 2291 1165 2327 qua
1185 2279 1438 2317 inhaeserant

220 2353 249 2378 ι.
1257 2340 1279 2377 4
