1674 2506
167 119 216 155 20
751 131 842 156 LIVY
878 132 903 156 1.

165 235 255 259 cum
274 221 430 271 publico
448 221 675 260 adiunxisse
695 222 830 261 foedus
850 224 931 260 filia
948 224 1111 261 Aeneae
1129 224 1172 261 in
1191 224 1489 262 matrimonium

102 293 146 317 10
166 283 270 320 data.
329 283 389 320 Ea
409 297 470 321 res
489 285 625 332 utique
644 284 824 321 Troianis
843 298 951 334 spem
971 285 1157 321 adfirmat
1176 285 1336 322 tandem
1357 286 1489 323 stabili

102 359 142 382 11
165 348 348 394 certaque
376 345 465 382 sede
489 346 650 382 finiendi
676 346 828 383 erroris.
886 346 1083 395 Oppidum
1103 347 1304 393 condunt3
1332 348 1489 384 Aeneas

165 406 215 442 ab
234 406 392 443 nomine
411 407 544 444 uxoris
564 407 775 444 Lavinium
795 408 981 457 appellat.
1039 408 1157 444 Brevi
1181 408 1315 456 stirpis
1334 421 1488 457 quoque

165 467 288 504 virilis
325 480 373 504 ex
404 480 505 505 novo
541 469 795 506 matrimonio
832 469 923 517 fuit,
952 469 1016 506 cui
1053 470 1270 506 Ascanium
1304 475 1488 519 parentes

165 528 296 566 dixere
314 542 468 566 nomen.

127 638 141 662 1
217 616 275 652 II.
307 616 417 652 Bello
453 616 592 654 deinde
633 617 869 666 Aborigines
913 617 1149 667 Troianique
1194 618 1311 655 simul
1357 618 1485 668 petiti.

163 677 321 714 Tuinus
348 690 418 714 rex
445 677 620 714 Rutuloi
624 692 700 724 um
721 680 784 715 cui
812 682 929 736 pacta
958 679 1125 715 Lavinia
1153 684 1247 716 ante
1270 680 1486 716 adventum

163 739 324 776 Aeneae
342 738 487 786 fuerat,
501 740 723 789 praelatum
740 740 814 777 sibi
833 741 909 777 adv
912 753 970 777 en
963 754 1027 777 im
1046 754 1161 790 aegre
1181 741 1348 790 patiens,
1369 741 1487 778 simul

125 824 143 847 2
162 801 325 837 Aeneae
355 801 576 850 Latinoque
607 801 752 838 bellum
785 801 1205 838 intuleiat.Neut1a
1244 802 1344 839 acies
1381 802 1487 838 laeta

164 876 212 899 ex
248 875 292 898 eo
329 862 545 899 certamine
582 863 703 900 abiit:
733 863 827 899 victi
866 863 1021 909 Rutuli,
1055 863 1221 900 victores
1249 863 1487 912 Aborigines

124 947 145 983 3
164 924 400 973 Troianique
423 923 561 960 ducem
591 924 778 961 Latinum
802 924 979 961 amisere.
1036 924 1136 960 Inde
1167 925 1325 961 Turnus
1355 925 1486 961 Rutu-

163 985 268 1034 lique
305 985 419 1022 diffisi
456 985 571 1022 rebus
608 985 658 1022 ad
695 985 878 1022 florentes
908 998 997 1034 opes
1036 986 1292 1022 Etruscorum
1330 985 1485 1022 Mezen-

163 1047 342 1096 tiumque
368 1059 500 1096 regem
527 1059 661 1083 eorum
684 1046 930 1095 confugiunt,
951 1046 1019 1095 qui
1043 1046 1173 1093 Caere,
1196 1047 1380 1096 opulento
1399 1050 1486 1083 tum

163 1108 314 1158 oppido,
335 1108 579 1157 imperitans,
600 1108 679 1144 iam
698 1108 789 1145 inde
815 1108 866 1144 ab
894 1108 1008 1144 initio
1035 1098 1197 1145 minime
1216 1109 1345 1145 laetus
1363 1121 1487 1145 novae

163 1169 313 1219 origine
340 1170 459 1216 urbis,
487 1174 528 1206 et
557 1174 644 1206 tum
677 1169 798 1206 nimio
828 1169 917 1219 plus
946 1183 1067 1218 quam
1097 1170 1191 1206 satis
1220 1173 1357 1207 tutum
1386 1174 1488 1207 esset

164 1231 299 1268 accolis
328 1243 411 1267 rem
439 1230 652 1267 Troianam
680 1244 849 1267 crescere
877 1235 1001 1277 ratus,
1025 1231 1133 1267 haud
1160 1231 1359 1280 gravatim
1384 1231 1487 1268 socia

122 1311 146 1345 4
164 1289 277 1329 arma
306 1292 470 1328 Rutulis
499 1292 640 1328 iunxit.
695 1292 865 1337 Aeneas,
898 1292 1085 1328 adversus
1113 1292 1220 1328 tanti
1247 1292 1339 1328 belli
1366 1296 1488 1329 terro-

163 1367 245 1391 rem
265 1357 312 1390 ut
337 1354 488 1390 animos
515 1353 779 1402 Aboriginum
808 1353 879 1390 sibi
899 1353 1135 1400 conciliaret,
1156 1365 1226 1390 nec
1253 1354 1326 1390 sub
1354 1354 1488 1390 eodem

165 1415 251 1452 iure
271 1415 397 1452 solum
417 1415 483 1452 sed
503 1416 625 1452 etiam
651 1415 808 1451 nomine
831 1428 964 1451 omnes
992 1419 1133 1461 essent,
1155 1415 1320 1452 Latinos
1339 1420 1488 1452 utram-

125 1494 143 1531 5
164 1489 240 1526 que
274 1480 431 1526 gentem
469 1476 696 1526 appellavit.
753 1476 837 1513 Nec
870 1476 1008 1513 deinde
1039 1476 1277 1526 Aborigines
1309 1477 1489 1514 Troianis

164 1539 293 1575 studio
313 1551 358 1575 ac
385 1538 462 1574 fide
489 1550 582 1587 erga
609 1550 742 1587 regem
770 1539 949 1574 Aeneam
977 1551 1132 1575 cessere.
1191 1538 1409 1588 Fretusque
1427 1538 1489 1576 his

164 1600 307 1636 animis
344 1600 645 1637 coalescentium
683 1599 723 1636 in
762 1599 842 1637 dies
878 1599 1004 1649 magis
1050 1600 1217 1636 duorum
1255 1600 1488 1649 populorum

167 1662 334 1708 Aeneas,
355 1673 598 1710 quamquam
627 1664 745 1697 tanta
772 1661 910 1710 opibus
934 1661 1100 1697 Etruria
1125 1666 1224 1708 erat,
1245 1666 1291 1698 ut
1310 1661 1389 1698 iam
1409 1674 1488 1698 non

165 1727 293 1759 terras
311 1723 436 1759 solum
456 1722 521 1759 sed
541 1735 650 1758 mare
664 1722 786 1759 etiam
806 1736 875 1771 per
895 1726 1022 1759 totam
1040 1722 1183 1759 Italiae
1202 1722 1488 1771 longitudinem

166 1786 216 1821 ab
236 1784 406 1833 Alpibus
426 1783 476 1820 ad
494 1783 644 1820 fretum
664 1783 840 1820 Siculum
868 1782 977 1820 fama
1003 1783 1172 1820 nominis
1201 1783 1260 1819 sui
1278 1784 1488 1833 implesset,

165 1849 311 1892 tamen,
343 1858 431 1882 cum
462 1845 666 1882 moenibus
698 1845 843 1881 bellum
868 1845 1096 1894 propulsare
1128 1849 1269 1894 posset,
1299 1845 1340 1882 in
1368 1846 1488 1882 aciem

125 1918 146 1953 6
167 1908 298 1956 copias
335 1907 482 1944 eduxit.
542 1907 762 1943 Secundum
795 1906 887 1942 inde
914 1906 1105 1955 proelium
1135 1906 1299 1952 Latinis,
1331 1907 1490 1944 Aeneae

170 1969 290 2004 etiam
319 1968 505 2004 ultimum
533 1980 695 2017 operum
724 1968 953 2004 mortalium
982 1966 1072 2003 fuit.
1131 1966 1238 2015 Situs
1266 1972 1336 2013 est,
1357 1980 1489 2016 quem-

168 2042 333 2078 cumque
354 2042 442 2065 eum
471 2029 546 2065 dici
572 2030 634 2066 ius
662 2029 800 2077 fasque
829 2033 899 2075 est,
919 2041 1036 2078 super
1063 2028 1275 2096 Numicum
1300 2029 1490 2077 fiuvium3

169 2091 302 2126 Iovem
322 2089 533 2138 indigetem
553 2090 767 2139 appellant.

130 2205 145 2228 1
224 2186 308 2222 III.
338 2185 528 2221 Nondum
565 2189 748 2222 maturus
784 2185 948 2233 imperio
979 2184 1175 2221 Ascanius
1205 2184 1364 2221 Aeneae
1390 2185 1492 2222 filius

170 2251 257 2283 erat
269 2260 280 2293 3
308 2250 444 2283 tamen
469 2246 509 2283 id
534 2246 744 2295 imperium
771 2246 806 2283 ei
833 2246 882 2282 ad
901 2246 1088 2295 puberem
1108 2250 1280 2282 aetatem
1299 2246 1493 2284 incolume
