1674 2506
630 177 765 203 anPs.
797 166 859 212 56,
890 166 951 203 57.
1401 164 1448 202 79

130 268 198 305 alii
226 269 468 306 committere
493 282 611 306 ausus
629 269 724 305 duos
751 269 850 305 filios
869 281 938 318 per
956 268 1113 317 ignotas
1139 281 1187 306 ea
1215 271 1450 318 tempestate

131 333 269 375 terras,
290 330 487 379 ignotiora
502 330 637 376 maria,
654 330 696 365 in
716 330 921 366 Graeciam
941 330 1059 366 misit.
1106 329 1219 366 Titus
1238 334 1278 366 et
1291 330 1450 366 Arruns
1471 334 1487 370 7

130 390 305 440 profecti.
363 391 498 428 Comes
526 391 572 427 iis
602 390 760 427 additus
793 390 840 427 L.
863 390 1006 427 Iunius
1031 390 1193 437 Brutus,
1222 389 1447 439 Tarquinia,

129 464 258 489 sorore
302 452 416 499 regis,
462 455 592 498 natus,
630 452 782 488 iuvenis
826 451 941 500 longe
977 451 1078 488 alius
1122 452 1290 501 ingenie,
1329 464 1447 501 quam

128 513 237 549 cuius
255 512 542 549 simulationem
567 512 763 549 induerat.
820 513 863 549 Is
890 525 979 549 cum
999 513 1188 562 primores
1214 512 1387 549 civitatis
1406 513 1447 549 in

127 573 269 622 quibus
300 572 466 609 fratrem
499 586 614 609 suum
651 573 702 609 ab
739 574 934 610 avunculo
970 573 1226 610 interfectum
1263 573 1446 620 audisset,

128 646 253 683 neque
285 633 327 670 in
357 634 486 670 animo
523 647 592 670 suo
625 634 833 683 quicquam
865 634 949 683 regi
985 634 1205 671 timendum
1242 647 1370 683 neque
1405 635 1447 671 in

128 695 288 732 fortuna
318 695 665 744 concupiscendum
698 696 920 744 relinquere
955 695 1111 742 statuit,
1144 699 1448 745 contemptuque

127 760 240 793 tutus
278 769 370 802 esse,
404 756 472 793 ubi
507 756 550 793 in
581 756 665 793 iure
697 769 838 805 parum
875 756 1058 806 praesidii
1090 761 1199 794 esset.
1257 757 1362 806 Ergo
1399 769 1446 793 ex
1465 759 1487 794 8

128 817 323 854 industria
353 817 483 854 factus
515 817 565 854 ad
597 817 858 854 imitationem
887 817 1082 854 stultitiae
1111 831 1199 854 cum
1229 831 1269 854 se
1300 831 1446 867 suaque

128 879 296 928 praedae
341 891 420 915 esse
466 878 549 928 regi
595 879 752 922 sineret,
792 878 909 914 Bruti
954 891 1108 927 quoque
1153 878 1259 915 haud
1304 879 1446 915 abnuit

127 952 349 989 cognomen,
381 944 426 976 ut
458 940 530 976 sub
566 940 649 975 eius
680 939 846 975 obtentu
883 940 1120 987 cognominis
1155 939 1344 976 liberator
1379 940 1445 977 ille

127 1000 260 1050 populi
298 1000 469 1036 Romani
506 1000 659 1036 animus
696 999 824 1036 latens
860 1001 1108 1048 opperiretur
1143 1004 1323 1050 tempora
1359 1015 1442 1039 sua.

128 1062 170 1098 Is
204 1065 291 1098 tum
324 1061 375 1097 ab
407 1061 628 1110 Tarquiniis
664 1061 805 1097 ductus
843 1061 1026 1110 Delphos,
1063 1061 1277 1099 ludibrium
1315 1064 1445 1100 verius
1464 1075 1485 1110 9

126 1135 243 1172 quam
271 1135 408 1168 comes,
431 1135 597 1159 aureum
626 1122 809 1159 baculum
837 1123 1032 1159 inclusum
1059 1136 1199 1160 corneo
1226 1128 1366 1161 cavato
1393 1125 1443 1161 ad

126 1184 165 1221 id
211 1184 348 1220 baculo
385 1184 522 1222 tulisse
557 1184 701 1221 donum
742 1184 917 1233 Apollini
963 1184 1119 1231 dicitur,
1156 1198 1226 1235 per
1261 1187 1444 1236 ambages

125 1245 289 1294 effigiem
317 1244 466 1294 ingenii
493 1245 565 1282 sui.
622 1245 707 1289 Quo
734 1249 941 1294 postquam
970 1250 1133 1282 ventum
1161 1250 1232 1293 est,
1262 1247 1444 1296 perfectis
1467 1261 1511 1285 10

125 1306 252 1356 patris
270 1307 470 1343 mandatis
488 1307 627 1355 cupido
646 1307 803 1343 incessit
821 1307 971 1344 animos
995 1307 1183 1344 iuvenum
1208 1309 1441 1355 sciscitandi,

125 1367 174 1404 ad
206 1380 322 1417 quem
355 1380 487 1404 eorum
518 1381 683 1417 regnum
714 1368 940 1404 Romanum
972 1374 1070 1406 esset
1100 1374 1324 1406 venturum.
1381 1370 1441 1406 Ex

124 1429 258 1466 infimo
276 1441 392 1477 specu
410 1441 542 1465 vocem
567 1428 760 1465 redditam
785 1428 943 1466 ferunt:
975 1430 1227 1478 “Imperium
1246 1443 1442 1467 summum

125 1490 274 1526 Romae
310 1490 469 1526 habebit
500 1490 568 1539 qui
605 1495 778 1526 vestrum
815 1491 975 1539 primus,
1009 1504 1032 1528 0
1068 1491 1237 1539 iuvenes,
1270 1492 1442 1529 osculum

124 1552 245 1588 matri
281 1550 453 1588 tulerit.”
520 1552 758 1601 Tarquinius
796 1552 947 1598 Sextus,
985 1553 1052 1602 qui
1096 1553 1246 1590 Romae
1282 1554 1442 1590 relictus
1464 1569 1505 1593 11

124 1612 268 1658 fuerat,
303 1615 348 1648 ut
380 1612 540 1661 ignarus
572 1613 747 1661 responsi
779 1625 993 1662 expersque
1029 1614 1180 1663 imperii
1212 1619 1324 1661 esset,
1357 1627 1439 1652 rem

123 1686 276 1710 summa
304 1686 375 1722 ope
408 1674 529 1710 taceri
557 1674 718 1721 iubent3
755 1675 828 1724 ipsi
862 1676 967 1712 inter
999 1688 1050 1722 se,
1081 1680 1171 1712 uter
1202 1676 1318 1725 prior,
1351 1689 1439 1712 cum

124 1735 291 1771 Romam
323 1735 526 1780 redissent,
562 1737 682 1772 matri
701 1737 874 1774 osculum
903 1736 1028 1784 daret,
1057 1738 1154 1775 sorti
1186 1738 1437 1786 permittunt.

125 1795 274 1832 Brutus
291 1795 366 1832 alio
385 1800 497 1833 ratus
515 1802 691 1846 spectare
712 1797 921 1847 Pythicam
943 1811 1086 1845 vocem,
1107 1799 1217 1835 velut
1235 1799 1267 1835 si
1287 1799 1440 1849 prolap-
1461 1815 1504 1839 12

122 1870 188 1893 sus
216 1857 422 1903 cecidisset,
448 1861 597 1894 terram
625 1858 753 1895 osculo
782 1860 958 1908 contigit,
979 1860 1125 1896 scilicet
1152 1860 1254 1909 quod
1274 1873 1319 1896 ea
1336 1873 1437 1897 com·

122 1918 252 1954 munis
293 1922 421 1955 mater
470 1920 645 1956 omnium
691 1920 916 1956 mortalium
954 1924 1062 1958 esset.
1121 1921 1309 1958 Reditum
1347 1921 1438 1958 inde
1461 1939 1504 1973 13

124 1979 303 2022 Romam,
320 1979 388 2016 ubi
406 1980 593 2017 adversus
612 1981 783 2018 Rutulos
801 1982 947 2018 bellum
966 1995 1120 2019 summa
1141 1982 1179 2019 vi
1197 1982 1424 2031 parabatur.

175 2099 310 2138 LVII.
340 2102 516 2138 Ardeam
541 2102 685 2139 Rutuli
712 2103 921 2149 habebant,
944 2117 1051 2153 gens,
1071 2108 1118 2142 ut
1142 2105 1184 2142 in
1208 2118 1255 2142 ea
1280 2106 1436 2155 regione
1460 2124 1474 2147 1

121 2165 242 2210 atque
265 2162 308 2198 in
332 2175 379 2198 ea
400 2167 542 2210 aetate,
563 2164 709 2201 divitiis
737 2165 990 2214 praepollens.
1047 2166 1182 2216 anue
1210 2167 1293 2216 ipsa
1321 2180 1436 2204 causa

121 2222 212 2259 belli
244 2222 333 2269 fuit,
364 2224 465 2272 quod
493 2237 563 2261 rex
600 2225 801 2263 Romanus
836 2239 925 2263 oum
956 2227 1036 2276 ipse
1068 2227 1186 2264 ditari
1222 2228 1437 2265 exhaustus

121 2284 414 2333 magnificentia
456 2286 699 2334 publicorum
745 2300 918 2337 operum,
948 2292 1034 2325 tum
1075 2288 1221 2338 praeda
1267 2290 1437 2326 delenire
