1674 2506
184 120 232 157 62
774 134 865 159 fflvy
896 135 921 159 1.

148 242 161 266 1
235 224 324 261 XL.
354 224 791 274 Duodequadragesimo
829 225 952 262 ferme
985 239 1099 271 anno,
1139 238 1187 263 ex
1224 240 1301 276 quo
1338 240 1504 277 regnare

180 289 358 334 coeperat
376 285 624 335 Tarquinius,
645 299 724 322 non
753 287 858 335 apud
877 299 1007 336 regem
1029 287 1140 324 modo
1160 287 1224 324 sed
1245 287 1351 337 apud
1370 292 1503 338 patres

144 363 162 387 2
182 347 411 395 plebemque
430 346 543 395 longe
557 347 728 384 maximo
743 347 888 384 honore
905 347 1063 385 Servius
1079 349 1230 385 Tullius
1249 352 1346 386 erat.
1402 349 1502 386 Tum

182 406 286 443 Anci
313 406 384 442 fflfi
412 406 498 452 duo,
528 407 600 443 etsi
638 411 756 444 antea
784 420 934 457 semper
961 421 1032 457 pro
1061 409 1332 458 indignissimo
1360 409 1501 448 habue-

181 471 273 504 rant
293 480 333 504 se
360 468 489 516 patrio
517 481 638 517 regno
665 468 809 505 tutoris
831 468 970 506 fraude
997 469 1137 518 pulsos,
1159 483 1325 519 regnare
1352 471 1502 509 Romae

180 529 371 565 advenam
390 541 469 565 non
495 529 608 565 modo
635 528 786 565 vicinae
815 529 879 566 sed
907 542 957 566 ne
984 530 1151 567 Italicae
1177 531 1335 580 quidem
1354 533 1500 581 stirpis,

142 607 163 642 3
180 594 268 627 tum
296 590 497 639 inpensius
526 590 573 626 iis
603 590 823 639 indignitas
849 604 1030 638 crescere,
1060 592 1093 629 si
1129 605 1178 629 ne
1207 593 1258 629 ab
1288 593 1501 643 Tarquinio

180 651 337 701 quidem
356 652 407 688 ad
435 665 475 688 se
502 652 647 688 rediret
675 665 853 701 regnum,
883 653 949 690 sed
976 667 1160 703 praeceps
1187 655 1277 692 inde
1306 668 1420 704 porro
1448 656 1499 692 ad

181 713 341 750 servitia
358 713 524 759 caderet,
554 717 600 749 ut
627 713 670 750 in
697 714 831 750 eadem
851 715 1010 752 civitate
1033 719 1121 764 post
1140 717 1398 753 centesimum
1417 716 1499 753 fere

181 787 330 812 annum
350 787 470 823 quam
499 774 704 821 Romulus,
733 775 803 811 deo
831 779 1061 825 prognatus,
1091 776 1184 813 deus
1211 777 1306 825 ipse,
1326 778 1500 814 tenuerit

181 850 360 887 regnum,
398 836 518 873 donec
546 837 587 873 in
620 836 735 873 terris
764 837 898 883 fuerit,
932 838 973 874 id
1011 838 1182 885 Servius,
1221 851 1332 875 serva
1368 843 1498 886 natus,

181 901 385 950 possideat.
443 901 543 938 Cum
562 914 768 938 commune
798 901 971 938 Romani
999 902 1169 939 nominis
1187 906 1275 939 tum
1295 903 1500 952 praecipue

178 963 217 999 id
236 963 371 999 domus
390 975 484 999 suae
503 963 666 999 dedecus
686 962 780 1009 fore,
811 962 844 999 si
872 963 975 999 Anci
999 964 1102 1012 regis
1121 964 1225 1000 virili
1245 965 1367 1013 stirpe
1386 965 1498 1001 salva

180 1036 260 1060 non
278 1023 391 1060 modo
410 1023 571 1060 advenis
595 1024 662 1060 sed
689 1023 810 1060 servis
834 1024 952 1060 etiam
972 1037 1141 1073 regnum
1162 1025 1310 1061 Romae
1330 1028 1497 1074 pateret.

141 1098 164 1130 4
181 1085 300 1121 Ferro
337 1085 460 1134 igitur
489 1097 574 1121 eam
605 1096 736 1121 arcere
772 1084 1052 1121 contumeliam
1089 1088 1287 1122 statuunt.
1348 1085 1423 1123 Sed
1459 1089 1500 1122 et

179 1146 346 1182 iniuriae
366 1145 473 1181 dolor
491 1144 533 1181 in
547 1145 807 1194 Tarquinium
825 1145 954 1194 ipsum
973 1146 1098 1195 magis
1118 1159 1235 1194 quam
1254 1146 1296 1184 in
1317 1146 1496 1184 Servium

179 1219 242 1243 eos
260 1206 505 1252 stimulabat,
534 1210 575 1243 et
603 1207 696 1255 quia
724 1207 880 1256 gravior
908 1207 1013 1243 ultor
1040 1207 1177 1253 caedis,
1207 1207 1239 1244 si
1267 1212 1497 1257 superesset,

179 1280 248 1304 rex
267 1267 428 1304 futurus
457 1271 542 1304 erat
570 1280 689 1316 quam
718 1268 897 1316 privatus
912 1281 922 1314 3
951 1272 1037 1304 tum
1068 1267 1201 1304 Servio
1228 1269 1348 1306 occiso
1367 1282 1499 1318 quem-

180 1341 344 1377 cumque
373 1328 494 1364 alium
526 1340 713 1377 generum
740 1328 955 1376 delegisset,
984 1329 1151 1365 eundem
1179 1330 1290 1378 regni
1317 1330 1498 1367 heredem

179 1389 360 1426 facturus
377 1389 661 1425 videbatur—z
690 1390 738 1426 ob
766 1389 860 1425 haec
887 1389 961 1438 ipsi
987 1389 1070 1438 regi
1098 1390 1263 1426 insidiae
1290 1395 1497 1439 parantur.

142 1467 160 1504 5
181 1452 242 1488 Ex
278 1452 502 1501 pastoribus
540 1451 616 1488 duo
653 1451 879 1488 ferocissimi
917 1451 1055 1488 delecti
1083 1452 1132 1488 ad
1159 1451 1322 1499 facinus,
1357 1454 1500 1502 quibus

181 1512 356 1550 consueti
384 1515 501 1548 erant
522 1517 688 1561 uterque
715 1512 935 1561 agrestibus
962 1512 1225 1560 ferramentis,
1245 1515 1287 1550 in
1308 1514 1499 1552 vestibulo

181 1574 310 1623 regiae
347 1586 466 1622 quam
499 1577 661 1622 potuere
693 1573 1044 1610 tumultuosissime
1073 1574 1198 1623 specie
1233 1574 1343 1612 rixae
1379 1575 1423 1612 in
1458 1588 1498 1613 se

180 1648 313 1672 omnes
347 1634 589 1683 apparitores
625 1634 750 1683 regios
787 1638 1035 1670 convertunt.
1110 1634 1221 1679 Inde,
1260 1647 1348 1671 cum
1385 1636 1499 1673 ambo

180 1709 311 1746 regem
330 1696 577 1746 appellarent
595 1697 816 1744 clamorque
844 1709 979 1733 eorum
1008 1696 1167 1744 penitus
1185 1696 1227 1732 in
1246 1697 1394 1746 regiam
1412 1710 1498 1746 per-

140 1765 162 1801 6
181 1758 360 1803 venisset,
382 1757 506 1794 vocati
519 1757 569 1793 ad
584 1770 714 1807 regem
730 1761 914 1806 pergunt.
970 1757 1103 1793 Primo
1117 1761 1282 1806 uterque
1293 1757 1499 1795 vociferari

180 1823 220 1855 et
247 1818 428 1855 certatim
457 1817 560 1854 alter
587 1818 703 1854 alteri
731 1818 965 1867 obstrepere.
1023 1818 1191 1854 Coeroiti
1218 1818 1270 1855 ab
1298 1819 1431 1856 lictore
1459 1823 1499 1857 et

180 1879 272 1916 iussi
290 1879 332 1916 ‘m
350 1879 473 1916 vicem
494 1879 617 1915 dicere
636 1879 794 1916 tandem
814 1879 971 1927 obloqui
990 1879 1185 1915 desistunt
1196 1893 1207 1927 3
1227 1893 1331 1916 unus
1349 1893 1432 1917 rem
1451 1893 1500 1918 ex

142 1960 160 1997 7
179 1940 388 1989 composito
407 1940 571 1977 orditur.
628 1940 734 1976 Dum
754 1940 933 1977 intentus
952 1939 993 1976 in
1013 1953 1102 1976 eum
1123 1952 1162 1977 se
1181 1953 1251 1977 rex
1262 1945 1371 1978 totus
1389 1954 1498 1978 aver-

180 2005 293 2047 teret,
314 2002 416 2038 alter
444 2002 591 2038 elatam
618 2002 784 2038 securim
812 2002 854 2038 in
882 2006 1000 2050 caput
1028 2001 1180 2047 deiecit,
1211 2002 1427 2052 relictoque
1454 2003 1495 2040 in

180 2063 340 2099 vulnere
359 2063 435 2099 telo
455 2062 569 2098 ambo
588 2075 627 2098 se
639 2062 744 2098 foras
758 2062 915 2099 eiciunt.

143 2209 158 2234 1
245 2185 356 2221 XLI.
386 2184 645 2233 Tarquinium
665 2184 939 2221 moribundum
959 2198 1047 2221 cum
1062 2186 1129 2233 qui
1144 2187 1245 2223 circa
1258 2190 1374 2223 erant
1392 2199 1496 2224 exce-

179 2247 338 2297 pissent,
358 2247 443 2283 illos
458 2247 654 2295 fugientes
667 2245 822 2283 lictores
838 2247 1184 2295 comprehendunt.
1241 2248 1398 2285 Clamor
1407 2249 1499 2285 inde
