1674 2506
172 107 222 144 40
762 118 855 144 mvr
882 119 909 144 1.

132 226 151 250 2
170 211 300 260 legum
319 224 362 248 ac
381 224 596 261 poenarum
617 215 725 248 metu
745 212 945 248 civitatem
966 215 1159 261 regerent.
1220 213 1274 249 Et
1301 225 1389 249 cum
1418 211 1492 261 ipsi

169 285 210 309 se
228 272 404 310 homines
423 274 464 309 in
491 273 604 321 regis,
626 272 736 309 velut
764 273 869 310 unici
897 273 1077 322 exempli,
1098 285 1224 310 mores
1253 273 1486 319 formarent,

169 337 255 370 tum
292 333 466 370 finitumi
497 334 618 370 etiam
651 334 794 383 populi,
829 334 897 383 qui
929 340 1048 371 antea
1077 338 1209 372 castra
1242 348 1321 371 non
1353 335 1490 371 urbem

169 394 337 443 positam
348 394 391 431 in
403 394 527 431 medio
538 395 586 430 ad
600 394 885 431 sollicitandam
901 395 1075 432 omnium
1084 408 1217 444 pacem
1231 395 1491 442 crediderant,

168 456 211 493 in
237 468 325 493 eam
353 455 626 493 verecundiam
654 456 814 492 adducti
847 460 951 501 sunt,
982 460 1029 493 ut
1058 456 1261 493 civitatem
1293 460 1420 494 totam
1447 456 1490 493 in

129 532 149 566 3
169 518 320 554 cultum
338 530 490 553 versam
510 517 671 554 deorum
691 517 830 554 violari
849 517 1039 554 ducerent
1058 517 1181 554 nefas.
1240 518 1371 554 Lucus
1389 522 1488 564 erat,

169 591 284 627 quem
314 579 486 615 medium
515 591 564 615 ex
590 591 710 627 opaco
738 591 853 627 specu
883 578 972 616 fons
1000 579 1163 628 perenni
1191 579 1348 629 rigabat
1375 592 1489 629 aqua.

169 640 254 684 Quo
272 640 365 688 quia
379 652 419 676 se
433 653 616 689 persaepe
630 640 766 676 Numa
782 640 864 677 sine
878 641 1040 677 arbitris
1055 641 1164 677 velut
1179 640 1228 677 ad
1242 654 1490 691 congressum

169 703 264 739 deae
292 702 500 749 inferebat,
531 702 712 739 Camenis
739 715 829 739 eum
860 703 991 740 lucum
1020 703 1203 749 sacravit,
1224 703 1327 752 quod
1354 716 1491 741 earum

127 775 151 808 4
167 764 222 801 ibi
241 763 400 801 concilia
422 777 510 801 cum
539 765 702 813 coniuge
729 777 800 801 sua
830 764 975 813 Egeria
1003 768 1144 801 essent.
1202 764 1256 801 Et
1283 765 1353 802 soli
1384 765 1491 803 Fidei

168 826 352 863 sollemne
378 826 566 863 instituit.
622 826 688 862 Ad
716 826 755 862 id
785 826 1004 863 sacrarium
1035 826 1214 863 flamines
1245 826 1345 875 bigis
1372 840 1490 864 curru

168 891 330 925 arcuato
348 888 438 924 vehi
456 887 581 933 iussit,
602 900 800 937 manuque
819 888 870 924 ad
889 888 1032 937 digitos
1051 900 1175 937 usque
1203 888 1382 925 involuta
1408 902 1490 926 rem

168 949 344 986 divinam
363 948 502 995 facere,
524 949 789 999 significantes
808 949 924 986 fidem
947 949 1163 986 tutandam
1183 949 1390 999 sedemque
1407 950 1491 987 eius

128 1019 149 1058 5
168 1011 286 1047 etiam
324 1011 365 1047 in
402 1010 573 1047 dexteris
617 1015 813 1047 sacratam
851 1024 941 1049 esse.
1004 1011 1139 1048 Multa
1177 1011 1257 1047 alia
1302 1011 1490 1048 sacrificia

167 1072 328 1121 locaque
364 1073 483 1109 sacris
520 1071 720 1119 faciendis,
752 1085 853 1121 quae
889 1073 1044 1122 Argeos
1089 1073 1292 1122 pontifices
1337 1076 1489 1120 vocant,

170 1134 374 1172 dedicavit.
450 1134 636 1172 Omnium
673 1138 811 1171 tamen
841 1134 1059 1171 maximum
1093 1135 1176 1171 eius
1213 1147 1373 1184 operum
1410 1134 1490 1171 fuit

168 1195 295 1232 tutela
324 1208 394 1245 per
427 1208 541 1232 omne
574 1196 685 1245 regni
722 1200 878 1244 tempus
915 1196 1023 1232 haud
1060 1197 1190 1232 minor
1228 1197 1334 1245 pacis
1371 1209 1489 1245 quam

128 1259 150 1295 6
168 1257 416 1306 regni.—Ita
435 1256 512 1293 duo
531 1256 711 1306 deinceps
732 1269 854 1306 reges,
877 1257 977 1294 alius
1004 1257 1084 1293 alia
1109 1257 1183 1303 via,
1204 1257 1270 1294 ille
1298 1257 1398 1294 bello
1426 1256 1489 1294 hic

167 1330 274 1367 pace,
311 1317 513 1354 civitatem
550 1322 760 1354 auxerunt.
835 1318 1028 1355 Romulus
1064 1322 1213 1367 septem
1245 1322 1286 1355 et
1321 1318 1489 1368 triginta

168 1379 351 1427 regnavit
376 1391 510 1425 annos,
540 1378 675 1415 Numa
708 1382 790 1416 tres
819 1383 859 1416 et
889 1379 1167 1428 quadraginta.
1225 1380 1324 1417 Cum
1357 1380 1489 1417 valida

168 1445 255 1478 tum
274 1444 494 1490 temperata
513 1443 554 1477 et
569 1440 660 1477 belli
679 1444 719 1477 et
739 1440 844 1489 pacis
864 1441 1018 1477 artibus
1036 1445 1123 1477 erat
1142 1441 1293 1478 civitas.

130 1580 146 1605 1
220 1563 366 1601 XXII.
396 1563 554 1601 Numae
582 1566 707 1600 morte
734 1563 783 1600 ad
811 1564 1088 1613 interregnum
1115 1576 1178 1601 res
1204 1564 1333 1601 rediit.
1390 1564 1490 1602 Inde

168 1625 326 1662 Tullum
356 1625 586 1671 Hostilium,
616 1628 797 1673 nepotem
829 1625 989 1672 Hostili,
1022 1626 1132 1662 cuius
1159 1625 1201 1662 in
1238 1626 1373 1662 infima
1401 1638 1490 1663 arce

169 1687 276 1724 clara
294 1700 427 1736 pugna
446 1687 631 1724 adversus
652 1686 814 1724 Sabinos
833 1688 978 1734 fuerat,
999 1701 1130 1737 regem
1158 1687 1325 1737 populus
1351 1687 1487 1726 iussit:

130 1765 147 1789 2
168 1751 302 1797 patres
321 1751 501 1785 auctores
520 1747 629 1785 facti.
675 1749 753 1785 Hic
772 1762 852 1786 non
866 1749 991 1785 solum
1007 1749 1183 1798 proximo
1196 1749 1280 1799 regi
1295 1748 1490 1786 dissimilis

169 1808 234 1845 sed
253 1808 416 1845 ferocior
435 1808 552 1844 etiam
573 1820 694 1857 quam
715 1809 907 1845 Romulus
927 1808 1015 1845 fuit.
1065 1809 1163 1846 Cum
1184 1812 1292 1846 aetas
1310 1809 1489 1858 viresque

168 1874 256 1906 tum
293 1870 402 1906 avita
431 1881 585 1918 quoque
615 1869 739 1917 gloria
772 1870 949 1906 animum
984 1869 1227 1906 stimulabat.
1286 1869 1489 1906 Senescere

168 1932 291 1980 igitur
327 1931 531 1968 civitatem
569 1932 647 1967 otio
684 1934 797 1967 ratus
834 1931 1008 1980 undique
1044 1933 1251 1967 materiam
1291 1930 1488 1967 excitandi

128 2007 149 2042 3
169 1992 262 2029 belli
299 1992 525 2041 quaerebat.
603 1993 720 2029 Forte
756 1994 900 2038 evenit,
937 1995 984 2029 ut
1020 1997 1193 2041 agrestes
1230 1992 1401 2029 Romani
1441 2003 1488 2028 ex

169 2054 326 2090 Albano
345 2066 450 2102 agro,
472 2053 622 2089 Albani
642 2066 690 2090 ex
710 2053 889 2090 Romano
909 2054 1073 2102 praedas
1091 2054 1133 2090 in
1160 2054 1283 2090 vicem
1311 2056 1485 2102 agerent.

128 2125 153 2160 4
171 2114 437 2163 Imperitabat
464 2117 551 2150 tum
581 2114 703 2151 Gaius
731 2114 898 2151 Cluilius
931 2115 1067 2151 Albae.
1125 2114 1339 2163 Utrimque
1365 2114 1488 2163 legati

170 2175 252 2212 fere
289 2175 362 2212 sub
399 2175 501 2211 idem
539 2180 696 2225 tempus
726 2175 775 2211 ad
811 2187 874 2212 res
906 2175 1139 2224 repetendas
1175 2175 1294 2212 missi.
1350 2175 1488 2212 Tullus

171 2240 422 2286 praeceperat
458 2237 547 2280 suis,
586 2249 634 2273 ne
671 2235 765 2284 quid
798 2236 906 2285 prius
935 2249 1051 2285 quam
1086 2236 1276 2272 mandata
1310 2239 1484 2285 agerent.
