1674 2506
191 128 239 166 70
780 142 871 167 mvr
901 142 926 167 1.

187 232 297 278 inito,
319 246 397 270 non
426 234 592 270 comitiis
619 234 774 280 habitis,
796 247 874 271 non
904 247 972 283 per
1001 235 1231 284 suffragium
1265 235 1409 284 populi,
1430 247 1508 272 non

127 293 164 317 ¹1
187 295 410 331 auctoribus
430 295 622 344 patribus,
643 295 825 332 muliebri
845 296 945 333 dono
973 308 1140 345 regnum
1168 308 1384 345 occupasse.
1441 297 1509 333 Ita

186 361 340 401 natum,
353 357 411 393 ita
424 361 602 393 creatum
617 370 759 406 regem,
774 357 970 394 fautorem
986 358 1111 394 infimi
1126 357 1278 407 generis
1292 357 1508 405 hominum,

185 430 234 453 ex
252 430 329 466 quo
354 418 435 466 ipse
454 418 516 464 sit,
537 418 625 455 odio
653 418 803 455 alienae
831 419 1049 455 honestatis
1076 422 1254 468 ereptum
1274 418 1509 468 primoribus

123 478 166 503 ¹2
185 491 325 527 agrum
363 479 627 516 sordidissimo
664 480 805 528 cuique
841 480 1039 526 divisisse3
1079 480 1209 516 omnia
1245 492 1377 526 onera,
1407 492 1509 529 quae

184 539 404 576 communia
423 540 623 589 quondam
643 540 804 585 fuerint,
821 540 1028 577 inclinasse
1047 540 1089 576 in
1109 540 1298 589 primores
1315 540 1507 588 civitatis3

184 601 402 638 instituisse
434 614 605 648 censum,
635 606 681 638 ut
711 602 876 651 insignis
909 602 956 638 ad
986 600 1177 638 invidiam
1210 601 1508 650 locupletiorum

185 661 347 698 fortuna
394 666 506 708 esset,
545 666 585 699 et
631 667 774 711 parata
815 662 929 708 unde,
968 663 1034 699 ubi
1083 662 1211 708 vellet,
1249 663 1509 711 egentissimis

183 724 407 772 largiretur.

145 847 162 872 1
237 845 441 883 XLVIII.
478 846 584 882 Huic
611 847 781 883 orationi
811 847 968 883 Servius
1001 859 1088 883 cum
1119 846 1397 883 intervenisset
1427 850 1505 883 tre-

183 906 272 955 pido
301 906 443 943 nuntio
471 908 676 953 excitatus,
705 908 902 956 extemplo
930 921 954 944 a
982 907 1176 943 vestibulo
1202 907 1334 943 curiae
1361 920 1507 956 magna

182 980 286 1013 voce,
310 967 447 1012 “Quid
467 967 573 1014 hoc‚'’
593 968 736 1017 inquit,
759 972 780 989 “
794 969 996 1018 Tarquini,
1010 968 1067 1005 rei
1086 970 1168 1005 est?
1224 969 1311 1013 Qua
1330 972 1375 1005 tu
1387 968 1507 1005 auda-

181 1029 240 1065 cia
269 1041 330 1064 me
358 1029 447 1065 vivo
476 1041 612 1066 vocare
640 1042 761 1066 ausus
789 1042 828 1066 es
857 1034 991 1079 patres
1018 1033 1090 1066 aut
1117 1030 1159 1066 in
1192 1030 1280 1066 sede
1308 1029 1506 1066 considere

142 1094 162 1118 2
182 1089 325 1126 mea2”
395 1089 494 1126 Cum
522 1090 588 1127 ille
616 1090 798 1128 ferociter
827 1091 878 1128 ad
906 1091 1025 1128 haec:
1055 1103 1094 1127 se
1122 1092 1248 1140 patris
1280 1091 1341 1127 sui
1371 1095 1505 1128 tenere

181 1150 320 1196 sedem,
354 1150 481 1188 multo
513 1164 631 1200 quam
666 1165 821 1189 servum
860 1153 1060 1201 potiorem,
1092 1152 1216 1188 filium
1247 1152 1359 1200 regis,
1393 1152 1504 1200 regni

181 1212 373 1258 heredem,
394 1212 487 1249 satis
505 1212 617 1249 illum
646 1213 712 1249 diu
733 1226 801 1262 per
829 1213 1025 1250 licentiam
1045 1213 1267 1250 eludentem
1296 1212 1505 1249 insultasse

181 1273 371 1316 dominis;
413 1273 558 1310 clamor
595 1274 646 1310 ab
679 1275 884 1324 utriusque
918 1274 1141 1311 fautoribus
1173 1274 1312 1320 oritur,
1346 1279 1387 1311 et
1418 1286 1504 1311 con-

180 1346 316 1370 cursus
345 1335 480 1383 populi
508 1335 628 1371 fiebat
656 1335 697 1371 in
726 1335 890 1381 curiam,
920 1336 1216 1384 apparebatque
1243 1338 1503 1383 regnaturum

140 1403 160 1438 3
179 1396 247 1444 qui
275 1395 441 1433 vicisset.
498 1396 599 1432 Tum
627 1397 877 1445 Tarquinius,
907 1397 1137 1434 necessitate
1165 1397 1242 1433 iam
1271 1397 1388 1434 etiam
1418 1397 1503 1446 ipsa

179 1460 341 1505 cogente
369 1456 511 1494 ultima
539 1457 694 1504 audere,
714 1457 841 1494 multo
868 1461 908 1495 et
935 1461 1067 1495 aetate
1095 1462 1135 1494 et
1162 1458 1310 1494 viribus
1338 1458 1503 1495 validior

179 1518 350 1554 medium
378 1518 521 1567 arripit
551 1518 742 1565 Servium,
772 1520 996 1568 elatumque
1023 1532 1044 1556 e
1072 1519 1180 1556 curia
1207 1519 1250 1555 in
1277 1519 1503 1557 inferiorem

179 1582 333 1628 partem
352 1592 421 1629 per
450 1579 593 1629 gradus
621 1580 782 1628 deiecit,
811 1580 902 1617 inde
929 1581 980 1617 ad
1008 1580 1221 1630 cogendum
1251 1584 1433 1618 senatum
1460 1582 1502 1618 in

136 1643 160 1677 4
177 1640 326 1676 curiam
346 1640 473 1678 rediit.
531 1641 596 1678 Fit
624 1641 718 1691 fuga
745 1642 847 1691 regis
875 1642 1145 1691 apparitorum
1165 1646 1284 1690 atque
1304 1642 1500 1679 comitum.

178 1702 269 1750 Ipse
282 1713 401 1751 prope
416 1703 626 1751 exsanguis
641 1700 748 1754 [cum
763 1703 1005 1740 semianimis
1019 1703 1125 1753 regio
1140 1704 1327 1740 comitatu
1343 1703 1501 1740 domum

176 1775 216 1798 se
247 1762 437 1812 reciperet
470 1764 788 1812 pervenissetque
821 1764 870 1800 ad
904 1777 1102 1801 summum
1134 1764 1323 1813 Cyprium
1356 1762 1500 1816 vicum]

177 1824 228 1860 ab
255 1824 313 1869 iis,
343 1824 412 1873 qui
440 1824 546 1861 missi
575 1825 625 1861 ab
653 1825 869 1874 Tarquinio
900 1826 1119 1875 fugientem
1149 1826 1344 1863 consecuti
1372 1830 1500 1873 erant,

136 1889 156 1927 5
176 1884 424 1922 interficitur.
483 1886 677 1932 Creditur,
699 1886 792 1936 quia
816 1899 897 1923 non
925 1887 1113 1924 abhorret
1141 1900 1165 1924 a
1193 1891 1321 1924 cetero
1349 1887 1499 1933 scelere,

175 1946 380 1983 admonitu
399 1947 552 1983 Tulliae
570 1947 610 1984 id
639 1947 802 1985 factum.
860 1948 1060 1998 Oarpento
1088 1952 1204 1995 certe,
1225 1948 1264 1984 id
1284 1948 1386 1997 quod
1405 1949 1501 1985 satis

175 2011 344 2055 constat,
381 2008 424 2045 in
461 2008 591 2046 forum
629 2009 783 2046 invecta
820 2022 891 2047 nec
928 2010 1098 2047 reverita
1134 2013 1289 2047 coetum
1325 2010 1499 2047 virorum

136 2075 156 2110 6
175 2069 351 2106 evocavit
371 2069 499 2106 virum
519 2082 540 2106 e
558 2071 679 2117 curia,
700 2083 908 2120 regemque
927 2071 1055 2121 prima
1081 2070 1307 2120 appellavit.
1363 2070 1403 2107 A
1423 2083 1500 2120 quo

175 2128 364 2166 facessere
390 2130 496 2166 iussa
515 2143 563 2167 ex
581 2134 699 2168 tanto
727 2131 905 2168 tumultu
925 2145 1014 2169 cum
1043 2144 1082 2168 se
1110 2132 1269 2168 domum
1297 2132 1497 2181 reciperet,

175 2190 491 2239 pervenissetque
519 2191 568 2227 ad
597 2204 795 2228 summum
823 2192 1012 2241 Cyprium
1043 2193 1184 2238 vicum,
1214 2193 1281 2229 ubi
1310 2193 1496 2229 Dianium

175 2263 300 2300 nuper
327 2249 417 2296 fuit,
438 2251 610 2289 flectenti
640 2257 871 2301 carpentum
901 2253 1040 2290 dextra
1067 2254 1108 2289 in
1138 2253 1309 2290 Urbium
1340 2254 1494 2299 clivum,
