1674 2506
191 127 240 164 58
782 141 873 166 LIVY
902 142 927 167 1.

189 243 278 268 eum
310 231 503 277 omnibus,
535 232 782 281 benignitate
811 244 905 281 erga
940 231 1038 268 alios
1071 244 1159 268 cum
1197 244 1287 281 rege
1320 233 1402 281 ipso
1432 245 1509 270 cer-

152 289 173 324 6
190 296 371 331 tasse—2
401 293 497 330 haec
528 306 617 330 eum
652 293 759 330 haud
791 292 892 330 falsa
925 298 1211 330 memorantem
1243 294 1396 343 ingenti
1424 307 1510 331 con-

189 366 305 390 sensu
325 354 490 403 populus
510 354 716 391 Romanus
734 367 901 403 regnare
919 354 1043 391 iussit.
1102 355 1208 403 Ergo
1227 356 1356 391 virum
1381 359 1510 392 cetera

189 418 387 467 egregium
415 422 562 464 secuta,
591 431 711 467 quam
749 418 791 455 in
828 419 995 467 petendo
1033 419 1240 465 habuerat,
1279 420 1398 455 etiam
1427 432 1510 468 reg-

190 483 350 515 nantem
379 479 542 516 ambitio
575 483 634 516 est
649 493 659 526 3
690 492 759 516 nee
791 480 923 516 minus
950 480 1063 528 regni
1090 480 1151 517 sui
1179 480 1363 517 firmandi
1391 493 1510 530 quam

188 540 387 589 augendae
415 541 472 577 rei
500 541 675 590 publicae
704 553 851 577 memor
879 544 1038 577 centum
1075 541 1117 578 in
1146 545 1279 590 patres
1307 542 1414 590 legit,
1443 543 1511 590 qui

188 601 325 638 deinde
347 602 544 638 minorum
570 602 747 650 gentium
768 606 861 638 sunt
890 602 1088 650 appellati,
1111 602 1231 638 factio
1259 602 1366 639 haud
1391 603 1511 639 dubia

154 672 170 706 7
189 663 302 711 regis,
322 663 431 699 cuius
458 663 642 699 beneficio
668 663 710 699 in
730 663 879 699 curiam
899 666 1103 700 venerant.
1162 663 1315 700 Bellum
1338 664 1509 713 primum

189 737 276 760 cum
305 723 460 760 Latinis
487 724 616 773 gessit,
637 727 678 760 et
705 724 890 773 oppidum
919 724 972 759 ibi
1001 724 1166 773 Apiolas
1193 725 1232 760 vi
1260 725 1375 773 cepit,
1396 737 1508 774 prae-

188 785 313 834 daque
340 785 430 822 inde
449 785 604 831 maiore,
625 798 742 834 quam
761 790 912 834 quanta
940 785 1032 822 belli
1059 786 1167 822 fama
1193 785 1337 831 fuerat,
1357 790 1512 823 revecta

188 845 298 882 ludos
329 846 554 894 opulentius
585 846 896 894 instructiusque
929 859 1049 895 quam
1083 847 1230 896 priores
1262 859 1374 896 reges
1404 846 1509 884 fecit.

149 907 171 942 8
188 907 297 943 Tunc
326 908 495 956 primum
524 908 635 953 circo,
656 908 723 956 qui
752 920 856 944 nunc
885 908 1079 944 maximus
1107 908 1262 955 dicitur,
1284 908 1512 958 designatus

188 969 294 1005 locus
312 972 381 1006 est.
435 968 536 1004 Loca
555 968 679 1004 divisa
698 969 879 1017 patribus
899 969 1184 1018 equitibusque,
1199 970 1267 1006 ubi
1287 969 1511 1018 spectacula

150 1039 171 1073 9
189 1029 261 1065 sibi
301 1029 464 1078 quisque
500 1029 688 1075 facerent,
726 1029 802 1065 fori
843 1029 1042 1078 appellati.
1121 1029 1353 1078 Spectavere
1390 1030 1512 1067 furcis

188 1089 382 1127 duodenos
428 1090 480 1126 ab
524 1094 630 1127 terra
676 1090 898 1139 spectacula
934 1090 1016 1126 alta
1062 1091 1347 1128 sustinentibus
1382 1091 1508 1140 pedes,

189 1150 401 1187 Ludicrum
430 1150 508 1187 fuit
535 1152 625 1200 equi
656 1151 885 1200 pugilesque
913 1163 960 1187 ex
991 1151 1156 1188 Etruria
1185 1151 1355 1189 mam'me
1383 1152 1508 1189 acciti.

131 1225 171 1248 ιο
189 1212 411 1258 sollemnes,
441 1212 581 1249 deinde
609 1213 732 1249 annui
763 1225 942 1249 mansere
974 1212 1068 1259 ludi,
1100 1213 1269 1249 Romani
1300 1213 1511 1262 magnique

188 1273 296 1310 varie
325 1273 524 1322 appellati.
582 1274 647 1310 Ab
679 1273 813 1310 eodem
850 1286 941 1322 rege
972 1278 1011 1310 et
1048 1274 1149 1310 circa
1182 1273 1314 1310 forum
1344 1274 1511 1323 privatis

189 1334 430 1372 aedificanda
450 1334 572 1371 divisa
591 1339 686 1371 sunt
704 1335 800 1381 loca,
822 1335 996 1384 porticus
1015 1335 1283 1384 tabernaeque
1302 1335 1443 1372 factae.

156 1462 166 1484 1
242 1456 448 1495 XXXVI.
479 1456 599 1493 Muro
626 1469 780 1506 quoque
817 1456 971 1506 lapideo
1000 1457 1242 1494 circumdare
1274 1457 1412 1494 urbem
1444 1470 1511 1506 pa-

189 1519 316 1564 rabat,
347 1531 434 1554 cum
468 1518 657 1555 Sabinum
691 1519 837 1556 bellum
867 1519 1013 1568 coeptis
1040 1520 1267 1556 intervenit.
1322 1519 1511 1568 Adeoque

189 1593 235 1617 ea
264 1579 395 1616 subita
427 1592 489 1616 res
525 1579 615 1626 fuit,
650 1583 696 1616 ut
732 1581 842 1629 prius
880 1580 1075 1617 Anienem
1114 1581 1331 1618 transirent
1367 1580 1507 1627 hostes,

189 1654 307 1689 quam
337 1640 492 1677 obviam
522 1641 580 1677 ire
609 1653 653 1677 ac
682 1641 887 1689 prohibere
915 1642 1109 1678 exercitus
1137 1641 1342 1678 Romanus
1369 1646 1508 1691 posset.

152 1709 170 1731 2
190 1702 332 1750 Itaque
364 1702 607 1751 trepidatum
639 1702 788 1739 Romae
825 1707 894 1739 est.
952 1702 1007 1738 Et
1039 1703 1164 1751 primo
1197 1702 1316 1739 dubia
1350 1702 1512 1739 victoria

189 1776 334 1812 magna
353 1764 553 1813 utrimque
578 1764 691 1801 caede
719 1768 942 1814 pugnatum
969 1768 1038 1801 est.
1096 1764 1284 1801 Reductis
1306 1763 1445 1800 deinde
1469 1764 1511 1800 in

189 1829 319 1861 castra
339 1825 511 1861 hostium
530 1826 648 1874 copiis
667 1825 838 1874 datoque
857 1825 984 1874 spatio
1011 1825 1202 1861 Romanis
1222 1825 1273 1861 ad
1297 1837 1510 1873 conparan-

190 1886 284 1922 dum
312 1886 358 1922 de
390 1887 545 1935 integro
573 1887 729 1933 bellum,
760 1886 1008 1936 Tarquinius,
1038 1887 1208 1935 equitem
1237 1887 1405 1922 maxime
1432 1885 1512 1921 suis

191 1947 318 1984 deesse
354 1947 504 1984 viribus
540 1952 663 1995 ratus,
692 1948 741 1985 ad
779 1947 945 1984 Bamnis
981 1948 1172 1984 Titienses
1209 1947 1386 1993 Luceres,
1416 1959 1512 1995 quas

190 2009 388 2046 centurias
421 2008 615 2046 Romulus
643 2009 862 2058 scripserat,
893 2009 1036 2045 addere
1062 2009 1158 2045 alias
1188 2008 1403 2054 constituit,
1428 2020 1511 2044 suo—

151 2081 172 2116 3
190 2082 264 2120 que
282 2070 454 2117 insignes
472 2070 692 2119 relinquere
711 2070 880 2107 nomine.
932 2070 979 2106 Id
998 2070 1089 2118 quia
1109 2070 1346 2118 inaugurato
1366 2068 1511 2105 Romu-

192 2131 251 2167 lus
283 2130 440 2176 fecerat,
472 2143 617 2179 negare
653 2131 779 2167 Attus
808 2130 972 2176 Navius,
1006 2130 1164 2167 inclitus
1197 2142 1241 2166 ea
1277 2133 1511 2178 tempestate

190 2204 329 2241 augur,
351 2204 476 2241 neque
501 2192 651 2228 mutari
675 2204 800 2241 neque
828 2204 974 2228 novum
1002 2192 1200 2237 constitui,
1222 2192 1296 2227 nisi
1324 2203 1416 2227 aves
1443 2191 1510 2227 ad-

151 2266 173 2299 4
191 2253 389 2298 dixissent,
419 2265 538 2301 posse.
596 2253 658 2289 Ex
685 2265 730 2290 eo
757 2253 816 2289 ira
846 2253 929 2301 regi
961 2258 1081 2299 mota,
1110 2252 1345 2300 eludensque
1382 2255 1509 2287 artem
