<?xml version="1.0" encoding="UTF-8"?>
<!DOCTYPE html PUBLIC "-//W3C//DTD XHTML 1.0 Transitional//EN"
    "http://www.w3.org/TR/xhtml1/DTD/xhtml1-transitional.dtd">
<html xmlns="http://www.w3.org/1999/xhtml" xml:lang="en" lang="en">
 <head>
  <title>
</title>
<meta http-equiv="Content-Type" content="text/html;charset=utf-8" />
  <meta name='ocr-system' content='tesseract 3.04.00' />
  <meta name='ocr-capabilities' content='ocr_page ocr_carea ocr_par ocr_line ocrx_word'/>
</head>
<body>
  <div class='ocr_page' id='page_1' title='image "./bookimas00livyuoft_0025.png"; bbox 0 0 1674 2506; ppageno 0'>
   <div class='ocr_carea' id='block_1_1' title="bbox 695 164 1444 202">
    <p class='ocr_par' dir='ltr' id='par_1_1' title="bbox 695 164 1444 202">
     <span class='ocr_line' id='line_1_1' title="bbox 695 164 1444 202; baseline 0.001 -1"><span class='ocrx_word' id='word_1_1' title='bbox 695 175 774 201; x_wconf 75' lang='lat' dir='ltr'>CHA</span> <span class='ocrx_word' id='word_1_2' title='bbox 780 175 810 199; x_wconf 88' lang='lat' dir='ltr'>P.</span> <span class='ocrx_word' id='word_1_3' title='bbox 843 164 877 200; x_wconf 87' lang='grc'>3.</span> <span class='ocrx_word' id='word_1_4' title='bbox 1399 166 1444 202; x_wconf 84' lang='lat'>21</span> 
     </span>
    </p>
   </div>
   <div class='ocr_carea' id='block_1_2' title="bbox 116 265 1508 2347">
    <p class='ocr_par' dir='ltr' id='par_1_2' title="bbox 120 265 1488 995">
     <span class='ocr_line' id='line_1_2' title="bbox 125 265 1448 315; baseline 0.003 -13"><span class='ocrx_word' id='word_1_5' title='bbox 125 265 283 304; x_wconf 85' lang='lat' dir='ltr'>mansit.</span> <span class='ocrx_word' id='word_1_6' title='bbox 340 267 548 315; x_wconf 87' lang='lat' dir='ltr'>Tantisper</span> <span class='ocrx_word' id='word_1_7' title='bbox 561 268 689 304; x_wconf 87' lang='lat' dir='ltr'>tutela</span> <span class='ocrx_word' id='word_1_8' title='bbox 704 268 897 315; x_wconf 87' lang='lat' dir='ltr'>muliebri,</span> <span class='ocrx_word' id='word_1_9' title='bbox 917 272 1033 305; x_wconf 80' lang='lat' dir='ltr'>tanta</span> <span class='ocrx_word' id='word_1_10' title='bbox 1051 268 1200 306; x_wconf 86' lang='lat' dir='ltr'>indoles</span> <span class='ocrx_word' id='word_1_11' title='bbox 1217 268 1260 306; x_wconf 87' lang='lat' dir='ltr'>in</span> <span class='ocrx_word' id='word_1_12' title='bbox 1280 268 1448 306; x_wconf 86' lang='lat' dir='ltr'>Lavinia</span> 
     </span>
     <span class='ocr_line' id='line_1_3' title="bbox 123 328 1447 380; baseline 0.003 -17"><span class='ocrx_word' id='word_1_13' title='bbox 123 333 221 373; x_wconf 82' lang='lat' dir='ltr'>erat,</span> <span class='ocrx_word' id='word_1_14' title='bbox 256 340 316 364; x_wconf 89' lang='lat' dir='ltr'>res</span> <span class='ocrx_word' id='word_1_15' title='bbox 347 328 493 365; x_wconf 83' lang='lat' dir='ltr'>Latina</span> <span class='ocrx_word' id='word_1_16' title='bbox 531 337 570 366; x_wconf 85' lang='lat' dir='ltr'>et</span> <span class='ocrx_word' id='word_1_17' title='bbox 609 342 775 378; x_wconf 88' lang='lat' dir='ltr'>regnum</span> <span class='ocrx_word' id='word_1_18' title='bbox 807 331 960 367; x_wconf 85' lang='lat' dir='ltr'>avitum</span> <span class='ocrx_word' id='word_1_19' title='bbox 998 334 1289 379; x_wconf 86' lang='lat' dir='ltr'>paternumque</span> <span class='ocrx_word' id='word_1_20' title='bbox 1326 343 1447 380; x_wconf 84' lang='lat' dir='ltr'>puero</span> 
     </span>
     <span class='ocr_line' id='line_1_4' title="bbox 123 389 1487 441; baseline 0.003 -16"><span class='ocrx_word' id='word_1_21' title='bbox 123 389 246 427; x_wconf 87' lang='lat' dir='ltr'>stetit.</span> <span class='ocrx_word' id='word_1_22' title='bbox 305 390 424 426; x_wconf 89' lang='lat' dir='ltr'>Haud</span> <span class='ocrx_word' id='word_1_23' title='bbox 454 391 795 440; x_wconf 74' lang='lat' dir='ltr'>ambigam—quis</span> <span class='ocrx_word' id='word_1_24' title='bbox 822 392 925 428; x_wconf 90' lang='lat' dir='ltr'>enim</span> <span class='ocrx_word' id='word_1_25' title='bbox 954 405 1036 429; x_wconf 89' lang='lat' dir='ltr'>rem</span> <span class='ocrx_word' id='word_1_26' title='bbox 1065 397 1148 429; x_wconf 87' lang='lat' dir='ltr'>tam</span> <span class='ocrx_word' id='word_1_27' title='bbox 1177 396 1349 429; x_wconf 84' lang='lat' dir='ltr'>veterem</span> <span class='ocrx_word' id='word_1_28' title='bbox 1376 404 1448 441; x_wconf 87' lang='lat' dir='ltr'>pro</span> <span class='ocrx_word' id='word_1_29' title='bbox 1469 407 1487 430; x_wconf 92' lang='lat'>2</span> 
     </span>
     <span class='ocr_line' id='line_1_5' title="bbox 123 450 1446 502; baseline 0.002 -16"><span class='ocrx_word' id='word_1_30' title='bbox 123 455 228 486; x_wconf 85' lang='lat' dir='ltr'>certo</span> <span class='ocrx_word' id='word_1_31' title='bbox 258 450 439 487; x_wconf 76' lang='lat' dir='ltr'>adfirmet</span> <span class='ocrx_word' id='word_1_32' title='bbox 454 451 648 488; x_wconf 73' lang='lat' dir='ltr'>2—hicine</span> <span class='ocrx_word' id='word_1_33' title='bbox 679 451 801 488; x_wconf 83' lang='lat' dir='ltr'>fuerit</span> <span class='ocrx_word' id='word_1_34' title='bbox 837 453 1044 499; x_wconf 79' lang='lat' dir='ltr'>Ascanius,</span> <span class='ocrx_word' id='word_1_35' title='bbox 1077 466 1128 489; x_wconf 90' lang='lat' dir='ltr'>an</span> <span class='ocrx_word' id='word_1_36' title='bbox 1165 453 1292 490; x_wconf 89' lang='lat' dir='ltr'>maior</span> <span class='ocrx_word' id='word_1_37' title='bbox 1327 466 1446 502; x_wconf 88' lang='lat' dir='ltr'>quam</span> 
     </span>
     <span class='ocr_line' id='line_1_6' title="bbox 123 511 1447 564; baseline 0.003 -17"><span class='ocrx_word' id='word_1_38' title='bbox 123 511 196 558; x_wconf 90' lang='lat' dir='ltr'>hic,</span> <span class='ocrx_word' id='word_1_39' title='bbox 231 512 376 549; x_wconf 81' lang='lat' dir='ltr'>Creusa</span> <span class='ocrx_word' id='word_1_40' title='bbox 409 518 535 549; x_wconf 85' lang='lat' dir='ltr'>matre</span> <span class='ocrx_word' id='word_1_41' title='bbox 565 513 639 549; x_wconf 89' lang='lat' dir='ltr'>Ilio</span> <span class='ocrx_word' id='word_1_42' title='bbox 669 514 852 550; x_wconf 82' lang='lat' dir='ltr'>incolumi</span> <span class='ocrx_word' id='word_1_43' title='bbox 884 518 1004 551; x_wconf 85' lang='lat' dir='ltr'>natus</span> <span class='ocrx_word' id='word_1_44' title='bbox 1032 527 1235 563; x_wconf 84' lang='lat' dir='ltr'>comesque</span> <span class='ocrx_word' id='word_1_45' title='bbox 1263 514 1354 551; x_wconf 89' lang='lat' dir='ltr'>inde</span> <span class='ocrx_word' id='word_1_46' title='bbox 1382 527 1447 564; x_wconf 90' lang='lat' dir='ltr'>pa-</span> 
     </span>
     <span class='ocr_line' id='line_1_7' title="bbox 122 573 1446 625; baseline 0.002 -16"><span class='ocrx_word' id='word_1_47' title='bbox 122 577 260 610; x_wconf 88' lang='lat' dir='ltr'>ternae</span> <span class='ocrx_word' id='word_1_48' title='bbox 289 573 417 623; x_wconf 81' lang='lat' dir='ltr'>fugae,</span> <span class='ocrx_word' id='word_1_49' title='bbox 448 587 565 623; x_wconf 88' lang='lat' dir='ltr'>quem</span> <span class='ocrx_word' id='word_1_50' title='bbox 599 575 732 611; x_wconf 84' lang='lat' dir='ltr'>Iulum</span> <span class='ocrx_word' id='word_1_51' title='bbox 769 575 935 612; x_wconf 90' lang='lat' dir='ltr'>eundem</span> <span class='ocrx_word' id='word_1_52' title='bbox 974 575 1078 612; x_wconf 87' lang='lat' dir='ltr'>Iulia</span> <span class='ocrx_word' id='word_1_53' title='bbox 1114 588 1209 625; x_wconf 84' lang='lat' dir='ltr'>gens</span> <span class='ocrx_word' id='word_1_54' title='bbox 1246 580 1446 613; x_wconf 81' lang='lat' dir='ltr'>auctorem</span> 
     </span>
     <span class='ocr_line' id='line_1_8' title="bbox 122 635 1488 687; baseline 0.002 -16"><span class='ocrx_word' id='word_1_55' title='bbox 122 635 290 672; x_wconf 90' lang='lat' dir='ltr'>nominis</span> <span class='ocrx_word' id='word_1_56' title='bbox 308 635 367 672; x_wconf 87' lang='lat' dir='ltr'>sui</span> <span class='ocrx_word' id='word_1_57' title='bbox 386 642 601 686; x_wconf 87' lang='lat' dir='ltr'>nuncupat.</span> <span class='ocrx_word' id='word_1_58' title='bbox 659 637 700 674; x_wconf 90' lang='lat' dir='ltr'>Is</span> <span class='ocrx_word' id='word_1_59' title='bbox 718 638 925 684; x_wconf 87' lang='lat' dir='ltr'>Ascanius,</span> <span class='ocrx_word' id='word_1_60' title='bbox 946 638 1182 687; x_wconf 90' lang='lat' dir='ltr'>ubicumque</span> <span class='ocrx_word' id='word_1_61' title='bbox 1201 642 1241 674; x_wconf 87' lang='lat' dir='ltr'>et</span> <span class='ocrx_word' id='word_1_62' title='bbox 1261 650 1447 686; x_wconf 87' lang='lat' dir='ltr'>quacum·</span> <span class='ocrx_word' id='word_1_63' title='bbox 1467 647 1488 683; x_wconf 90' lang='lat'>3</span> 
     </span>
     <span class='ocr_line' id='line_1_9' title="bbox 121 698 1445 747; baseline 0.002 -14"><span class='ocrx_word' id='word_1_64' title='bbox 121 709 197 746; x_wconf 93' lang='lat' dir='ltr'>que</span> <span class='ocrx_word' id='word_1_65' title='bbox 214 701 342 734; x_wconf 92' lang='lat' dir='ltr'>matre</span> <span class='ocrx_word' id='word_1_66' title='bbox 361 698 677 747; x_wconf 81' lang='lat' dir='ltr'>genitus—certe</span> <span class='ocrx_word' id='word_1_67' title='bbox 690 705 831 737; x_wconf 88' lang='lat' dir='ltr'>natum</span> <span class='ocrx_word' id='word_1_68' title='bbox 847 701 982 738; x_wconf 81' lang='lat' dir='ltr'>Aenea</span> <span class='ocrx_word' id='word_1_69' title='bbox 1002 704 1159 737; x_wconf 80' lang='lat' dir='ltr'>constat</span> <span class='ocrx_word' id='word_1_70' title='bbox 1170 700 1445 737; x_wconf 70' lang='lat' dir='ltr'>—abundante</span> 
     </span>
     <span class='ocr_line' id='line_1_10' title="bbox 122 758 1445 811; baseline 0.003 -17"><span class='ocrx_word' id='word_1_71' title='bbox 122 758 264 795; x_wconf 84' lang='lat' dir='ltr'>Lavini</span> <span class='ocrx_word' id='word_1_72' title='bbox 284 760 539 798; x_wconf 83' lang='lat' dir='ltr'>multitudine</span> <span class='ocrx_word' id='word_1_73' title='bbox 565 762 769 799; x_wconf 87' lang='lat' dir='ltr'>florentem</span> <span class='ocrx_word' id='word_1_74' title='bbox 797 763 888 808; x_wconf 88' lang='lat' dir='ltr'>iam,</span> <span class='ocrx_word' id='word_1_75' title='bbox 912 768 957 800; x_wconf 93' lang='lat' dir='ltr'>ut</span> <span class='ocrx_word' id='word_1_76' title='bbox 983 767 1069 799; x_wconf 89' lang='lat' dir='ltr'>tum</span> <span class='ocrx_word' id='word_1_77' title='bbox 1096 775 1156 799; x_wconf 82' lang='lat' dir='ltr'>res</span> <span class='ocrx_word' id='word_1_78' title='bbox 1177 766 1306 809; x_wconf 89' lang='lat' dir='ltr'>erant,</span> <span class='ocrx_word' id='word_1_79' title='bbox 1327 766 1445 811; x_wconf 86' lang='lat' dir='ltr'>atque</span> 
     </span>
     <span class='ocr_line' id='line_1_11' title="bbox 121 821 1444 873; baseline 0.002 -16"><span class='ocrx_word' id='word_1_80' title='bbox 121 821 347 870; x_wconf 85' lang='lat' dir='ltr'>opulentam</span> <span class='ocrx_word' id='word_1_81' title='bbox 367 822 505 859; x_wconf 91' lang='lat' dir='ltr'>urbem</span> <span class='ocrx_word' id='word_1_82' title='bbox 524 823 644 859; x_wconf 87' lang='lat' dir='ltr'>matri</span> <span class='ocrx_word' id='word_1_83' title='bbox 673 836 739 860; x_wconf 90' lang='lat' dir='ltr'>seu</span> <span class='ocrx_word' id='word_1_84' title='bbox 763 836 950 861; x_wconf 80' lang='lat' dir='ltr'>novercae</span> <span class='ocrx_word' id='word_1_85' title='bbox 976 824 1178 873; x_wconf 85' lang='lat' dir='ltr'>relinquit,</span> <span class='ocrx_word' id='word_1_86' title='bbox 1200 836 1343 860; x_wconf 86' lang='lat' dir='ltr'>novam</span> <span class='ocrx_word' id='word_1_87' title='bbox 1364 824 1444 872; x_wconf 86' lang='lat' dir='ltr'>ipse</span> 
     </span>
     <span class='ocr_line' id='line_1_12' title="bbox 120 882 1443 935; baseline 0.002 -16"><span class='ocrx_word' id='word_1_88' title='bbox 120 882 237 919; x_wconf 89' lang='lat' dir='ltr'>aliam</span> <span class='ocrx_word' id='word_1_89' title='bbox 257 884 329 920; x_wconf 90' lang='lat' dir='ltr'>sub</span> <span class='ocrx_word' id='word_1_90' title='bbox 348 884 504 920; x_wconf 88' lang='lat' dir='ltr'>Albano</span> <span class='ocrx_word' id='word_1_91' title='bbox 524 889 656 921; x_wconf 88' lang='lat' dir='ltr'>monte</span> <span class='ocrx_word' id='word_1_92' title='bbox 676 885 860 930; x_wconf 89' lang='lat' dir='ltr'>condidit,</span> <span class='ocrx_word' id='word_1_93' title='bbox 881 897 981 934; x_wconf 89' lang='lat' dir='ltr'>quae</span> <span class='ocrx_word' id='word_1_94' title='bbox 1004 886 1055 922; x_wconf 92' lang='lat' dir='ltr'>ab</span> <span class='ocrx_word' id='word_1_95' title='bbox 1082 885 1162 922; x_wconf 89' lang='lat' dir='ltr'>situ</span> <span class='ocrx_word' id='word_1_96' title='bbox 1182 890 1384 935; x_wconf 73' lang='lat' dir='ltr'>porrectae</span> <span class='ocrx_word' id='word_1_97' title='bbox 1402 885 1443 922; x_wconf 91' lang='lat' dir='ltr'>in</span> 
     </span>
     <span class='ocr_line' id='line_1_13' title="bbox 121 945 867 995; baseline 0.004 -14"><span class='ocrx_word' id='word_1_98' title='bbox 121 945 233 981; x_wconf 84' lang='lat' dir='ltr'>dorso</span> <span class='ocrx_word' id='word_1_99' title='bbox 251 945 360 981; x_wconf 86' lang='lat' dir='ltr'>urbis</span> <span class='ocrx_word' id='word_1_100' title='bbox 381 945 515 994; x_wconf 85' lang='lat' dir='ltr'>Longa</span> <span class='ocrx_word' id='word_1_101' title='bbox 532 946 639 983; x_wconf 87' lang='lat' dir='ltr'>Alba</span> <span class='ocrx_word' id='word_1_102' title='bbox 658 947 867 995; x_wconf 87' lang='lat' dir='ltr'>appellata.</span> 
     </span>
    </p>

    <p class='ocr_par' dir='ltr' id='par_1_3' title="bbox 116 1006 1508 2347">
     <span class='ocr_line' id='line_1_14' title="bbox 174 1006 1488 1057; baseline 0.002 -15"><span class='ocrx_word' id='word_1_103' title='bbox 174 1006 289 1043; x_wconf 85' lang='lat' dir='ltr'>Inter</span> <span class='ocrx_word' id='word_1_104' title='bbox 326 1006 536 1043; x_wconf 89' lang='lat' dir='ltr'>Lavinium</span> <span class='ocrx_word' id='word_1_105' title='bbox 565 1012 605 1044; x_wconf 87' lang='lat' dir='ltr'>et</span> <span class='ocrx_word' id='word_1_106' title='bbox 632 1008 777 1045; x_wconf 81' lang='lat' dir='ltr'>Albam</span> <span class='ocrx_word' id='word_1_107' title='bbox 808 1009 986 1057; x_wconf 80' lang='lat' dir='ltr'>Longam</span> <span class='ocrx_word' id='word_1_108' title='bbox 1015 1009 1222 1045; x_wconf 88' lang='lat' dir='ltr'>deductam</span> <span class='ocrx_word' id='word_1_109' title='bbox 1252 1009 1443 1046; x_wconf 86' lang='lat' dir='ltr'>coloniam</span> <span class='ocrx_word' id='word_1_110' title='bbox 1465 1021 1488 1054; x_wconf 89' lang='lat'><strong>4</strong></span> 
     </span>
     <span class='ocr_line' id='line_1_15' title="bbox 120 1067 1443 1119; baseline 0.003 -16"><span class='ocrx_word' id='word_1_111' title='bbox 120 1067 287 1117; x_wconf 85' lang='lat' dir='ltr'>triginta</span> <span class='ocrx_word' id='word_1_112' title='bbox 318 1067 440 1105; x_wconf 86' lang='lat' dir='ltr'>ferme</span> <span class='ocrx_word' id='word_1_113' title='bbox 470 1069 686 1106; x_wconf 78' lang='lat' dir='ltr'>interfuere</span> <span class='ocrx_word' id='word_1_114' title='bbox 716 1070 821 1107; x_wconf 89' lang='lat' dir='ltr'>anni.</span> <span class='ocrx_word' id='word_1_115' title='bbox 878 1071 1051 1107; x_wconf 78' lang='lat' dir='ltr'>Tantum</span> <span class='ocrx_word' id='word_1_116' title='bbox 1082 1074 1216 1107; x_wconf 83' lang='lat' dir='ltr'>tamen</span> <span class='ocrx_word' id='word_1_117' title='bbox 1246 1083 1337 1119; x_wconf 91' lang='lat' dir='ltr'>opes</span> <span class='ocrx_word' id='word_1_118' title='bbox 1364 1083 1443 1107; x_wconf 91' lang='lat' dir='ltr'>cre-</span> 
     </span>
     <span class='ocr_line' id='line_1_16' title="bbox 121 1129 1440 1181; baseline 0.003 -17"><span class='ocrx_word' id='word_1_119' title='bbox 121 1133 261 1166; x_wconf 83' lang='lat' dir='ltr'>verant</span> <span class='ocrx_word' id='word_1_120' title='bbox 280 1130 450 1166; x_wconf 78' lang='lat' dir='ltr'>maxime</span> <span class='ocrx_word' id='word_1_121' title='bbox 476 1129 573 1167; x_wconf 79' lang='lat' dir='ltr'>fusis</span> <span class='ocrx_word' id='word_1_122' title='bbox 600 1130 786 1177; x_wconf 82' lang='lat' dir='ltr'>Etruscis,</span> <span class='ocrx_word' id='word_1_123' title='bbox 809 1136 854 1168; x_wconf 87' lang='lat' dir='ltr'>ut</span> <span class='ocrx_word' id='word_1_124' title='bbox 874 1145 923 1168; x_wconf 89' lang='lat' dir='ltr'>ne</span> <span class='ocrx_word' id='word_1_125' title='bbox 943 1136 1070 1168; x_wconf 87' lang='lat' dir='ltr'>morte</span> <span class='ocrx_word' id='word_1_126' title='bbox 1090 1132 1247 1181; x_wconf 89' lang='lat' dir='ltr'>quidem</span> <span class='ocrx_word' id='word_1_127' title='bbox 1267 1132 1440 1177; x_wconf 83' lang='lat' dir='ltr'>Aeneae,</span> 
     </span>
     <span class='ocr_line' id='line_1_17' title="bbox 120 1190 1444 1242; baseline 0.002 -16"><span class='ocrx_word' id='word_1_128' title='bbox 120 1203 190 1226; x_wconf 90' lang='lat' dir='ltr'>nec</span> <span class='ocrx_word' id='word_1_129' title='bbox 209 1190 348 1227; x_wconf 85' lang='lat' dir='ltr'>deinde</span> <span class='ocrx_word' id='word_1_130' title='bbox 362 1191 467 1227; x_wconf 87' lang='lat' dir='ltr'>inter</span> <span class='ocrx_word' id='word_1_131' title='bbox 481 1191 710 1228; x_wconf 83' lang='lat' dir='ltr'>muliebrem</span> <span class='ocrx_word' id='word_1_132' title='bbox 724 1192 892 1229; x_wconf 81' lang='lat' dir='ltr'>tutelam</span> <span class='ocrx_word' id='word_1_133' title='bbox 906 1193 1253 1242; x_wconf 85' lang='lat' dir='ltr'>rudimentumque</span> <span class='ocrx_word' id='word_1_134' title='bbox 1272 1193 1444 1242; x_wconf 89' lang='lat' dir='ltr'>primum</span> 
     </span>
     <span class='ocr_line' id='line_1_18' title="bbox 120 1251 1444 1303; baseline 0.002 -15"><span class='ocrx_word' id='word_1_135' title='bbox 120 1251 281 1300; x_wconf 88' lang='lat' dir='ltr'>puerilis</span> <span class='ocrx_word' id='word_1_136' title='bbox 300 1252 411 1301; x_wconf 86' lang='lat' dir='ltr'>regni</span> <span class='ocrx_word' id='word_1_137' title='bbox 439 1264 594 1289; x_wconf 84' lang='lat' dir='ltr'>movere</span> <span class='ocrx_word' id='word_1_138' title='bbox 622 1266 735 1290; x_wconf 87' lang='lat' dir='ltr'>arma</span> <span class='ocrx_word' id='word_1_139' title='bbox 764 1258 835 1289; x_wconf 90' lang='lat' dir='ltr'>aut</span> <span class='ocrx_word' id='word_1_140' title='bbox 866 1253 1086 1290; x_wconf 82' lang='lat' dir='ltr'>Mezentius</span> <span class='ocrx_word' id='word_1_141' title='bbox 1115 1254 1353 1303; x_wconf 83' lang='lat' dir='ltr'>Etruscique</span> <span class='ocrx_word' id='word_1_142' title='bbox 1372 1257 1444 1290; x_wconf 88' lang='lat' dir='ltr'>aut</span> 
     </span>
     <span class='ocr_line' id='line_1_19' title="bbox 119 1313 1483 1368; baseline 0.001 -18"><span class='ocrx_word' id='word_1_143' title='bbox 119 1313 191 1350; x_wconf 86' lang='lat' dir='ltr'>ulh·</span> <span class='ocrx_word' id='word_1_144' title='bbox 209 1314 277 1350; x_wconf 90' lang='lat' dir='ltr'>alii</span> <span class='ocrx_word' id='word_1_145' title='bbox 296 1314 448 1350; x_wconf 85' lang='lat' dir='ltr'>accolae</span> <span class='ocrx_word' id='word_1_146' title='bbox 474 1315 559 1351; x_wconf 89' lang='lat' dir='ltr'>ausi</span> <span class='ocrx_word' id='word_1_147' title='bbox 578 1315 671 1352; x_wconf 87' lang='lat' dir='ltr'>sint.</span> <span class='ocrx_word' id='word_1_148' title='bbox 729 1315 811 1352; x_wconf 85' lang='lat' dir='ltr'>Pax</span> <span class='ocrx_word' id='word_1_149' title='bbox 836 1316 895 1353; x_wconf 88' lang='lat' dir='ltr'>ita</span> <span class='ocrx_word' id='word_1_150' title='bbox 920 1321 1170 1362; x_wconf 86' lang='lat' dir='ltr'>convenerat,</span> <span class='ocrx_word' id='word_1_151' title='bbox 1194 1320 1241 1352; x_wconf 93' lang='lat' dir='ltr'>ut</span> <span class='ocrx_word' id='word_1_152' title='bbox 1268 1316 1444 1352; x_wconf 83' lang='lat' dir='ltr'>Etruscis</span> <span class='ocrx_word' id='word_1_153' title='bbox 1464 1330 1483 1368; x_wconf 89' lang='lat'><em>5</em></span> 
     </span>
     <span class='ocr_line' id='line_1_20' title="bbox 121 1375 1444 1426; baseline 0.002 -15"><span class='ocrx_word' id='word_1_154' title='bbox 121 1375 352 1424; x_wconf 81' lang='lat' dir='ltr'>Latinisque</span> <span class='ocrx_word' id='word_1_155' title='bbox 373 1375 514 1412; x_wconf 86' lang='lat' dir='ltr'>fluvius</span> <span class='ocrx_word' id='word_1_156' title='bbox 532 1376 694 1422; x_wconf 88' lang='lat' dir='ltr'>Albula,</span> <span class='ocrx_word' id='word_1_157' title='bbox 715 1389 832 1426; x_wconf 92' lang='lat' dir='ltr'>quem</span> <span class='ocrx_word' id='word_1_158' title='bbox 859 1391 964 1415; x_wconf 91' lang='lat' dir='ltr'>nunc</span> <span class='ocrx_word' id='word_1_159' title='bbox 983 1377 1155 1414; x_wconf 83' lang='lat' dir='ltr'>Tiberim</span> <span class='ocrx_word' id='word_1_160' title='bbox 1179 1382 1334 1424; x_wconf 87' lang='lat' dir='ltr'>vocant,</span> <span class='ocrx_word' id='word_1_161' title='bbox 1355 1378 1444 1414; x_wconf 88' lang='lat' dir='ltr'>finis</span> 
     </span>
     <span class='ocr_line' id='line_1_21' title="bbox 119 1439 1484 1490; baseline 0.001 -14"><span class='ocrx_word' id='word_1_162' title='bbox 119 1443 229 1476; x_wconf 88' lang='lat' dir='ltr'>esset.</span> <span class='ocrx_word' id='word_1_163' title='bbox 286 1439 431 1476; x_wconf 86' lang='lat' dir='ltr'>Silvius</span> <span class='ocrx_word' id='word_1_164' title='bbox 467 1439 604 1477; x_wconf 89' lang='lat' dir='ltr'>deinde</span> <span class='ocrx_word' id='word_1_165' title='bbox 641 1445 795 1489; x_wconf 85' lang='lat' dir='ltr'>regnat,</span> <span class='ocrx_word' id='word_1_166' title='bbox 825 1442 974 1478; x_wconf 89' lang='lat' dir='ltr'>Ascani</span> <span class='ocrx_word' id='word_1_167' title='bbox 1007 1441 1121 1486; x_wconf 85' lang='lat' dir='ltr'>filius,</span> <span class='ocrx_word' id='word_1_168' title='bbox 1151 1454 1243 1478; x_wconf 87' lang='lat' dir='ltr'>casu</span> <span class='ocrx_word' id='word_1_169' title='bbox 1273 1441 1442 1490; x_wconf 86' lang='lat' dir='ltr'>quodam</span> <span class='ocrx_word' id='word_1_170' title='bbox 1463 1444 1484 1478; x_wconf 90' lang='lat'><strong>6</strong></span> 
     </span>
     <span class='ocr_line' id='line_1_22' title="bbox 119 1500 1482 1556; baseline 0.002 -19"><span class='ocrx_word' id='word_1_171' title='bbox 119 1500 158 1538; x_wconf 91' lang='lat' dir='ltr'>in</span> <span class='ocrx_word' id='word_1_172' title='bbox 195 1501 302 1538; x_wconf 84' lang='lat' dir='ltr'>silvis</span> <span class='ocrx_word' id='word_1_173' title='bbox 338 1507 467 1539; x_wconf 71' lang='lat' dir='ltr'>natus.</span> <span class='ocrx_word' id='word_1_174' title='bbox 542 1502 583 1538; x_wconf 87' lang='lat' dir='ltr'>Is</span> <span class='ocrx_word' id='word_1_175' title='bbox 622 1503 801 1538; x_wconf 89' lang='lat' dir='ltr'>Aeneam</span> <span class='ocrx_word' id='word_1_176' title='bbox 848 1503 1012 1539; x_wconf 84' lang='lat' dir='ltr'>Silvium</span> <span class='ocrx_word' id='word_1_177' title='bbox 1059 1506 1188 1550; x_wconf 80' lang='lat' dir='ltr'>creat3</span> <span class='ocrx_word' id='word_1_178' title='bbox 1235 1503 1267 1540; x_wconf 88' lang='lat' dir='ltr'>is</span> <span class='ocrx_word' id='word_1_179' title='bbox 1305 1503 1443 1540; x_wconf 87' lang='lat' dir='ltr'>deinde</span> <span class='ocrx_word' id='word_1_180' title='bbox 1464 1520 1482 1556; x_wconf 92' lang='lat'>7</span> 
     </span>
     <span class='ocr_line' id='line_1_23' title="bbox 120 1562 1440 1614; baseline 0.003 -16"><span class='ocrx_word' id='word_1_181' title='bbox 120 1562 309 1600; x_wconf 89' lang='lat' dir='ltr'>Latinum</span> <span class='ocrx_word' id='word_1_182' title='bbox 331 1563 507 1600; x_wconf 82' lang='lat' dir='ltr'>Silvium.</span> <span class='ocrx_word' id='word_1_183' title='bbox 564 1564 630 1600; x_wconf 90' lang='lat' dir='ltr'>Ab</span> <span class='ocrx_word' id='word_1_184' title='bbox 649 1577 694 1601; x_wconf 90' lang='lat' dir='ltr'>eo</span> <span class='ocrx_word' id='word_1_185' title='bbox 716 1565 889 1601; x_wconf 87' lang='lat' dir='ltr'>coloniae</span> <span class='ocrx_word' id='word_1_186' title='bbox 916 1565 1067 1614; x_wconf 83' lang='lat' dir='ltr'>aliquot</span> <span class='ocrx_word' id='word_1_187' title='bbox 1095 1565 1294 1611; x_wconf 84' lang='lat' dir='ltr'>deductae,</span> <span class='ocrx_word' id='word_1_188' title='bbox 1317 1565 1440 1602; x_wconf 87' lang='lat' dir='ltr'>Prisci</span> 
     </span>
     <span class='ocr_line' id='line_1_24' title="bbox 121 1624 1483 1676; baseline 0.002 -16"><span class='ocrx_word' id='word_1_189' title='bbox 121 1624 254 1660; x_wconf 88' lang='lat' dir='ltr'>Latini</span> <span class='ocrx_word' id='word_1_190' title='bbox 274 1624 472 1674; x_wconf 81' lang='lat' dir='ltr'>appellati.</span> <span class='ocrx_word' id='word_1_191' title='bbox 532 1624 682 1661; x_wconf 80' lang='lat' dir='ltr'>Mansit</span> <span class='ocrx_word' id='word_1_192' title='bbox 709 1625 838 1662; x_wconf 87' lang='lat' dir='ltr'>Silviis</span> <span class='ocrx_word' id='word_1_193' title='bbox 859 1630 992 1675; x_wconf 86' lang='lat' dir='ltr'>postea</span> <span class='ocrx_word' id='word_1_194' title='bbox 1013 1626 1193 1663; x_wconf 87' lang='lat' dir='ltr'>omnibus</span> <span class='ocrx_word' id='word_1_195' title='bbox 1213 1639 1440 1676; x_wconf 86' lang='lat' dir='ltr'>cognomen,</span> <span class='ocrx_word' id='word_1_196' title='bbox 1461 1629 1483 1664; x_wconf 88' lang='lat'>8</span> 
     </span>
     <span class='ocr_line' id='line_1_25' title="bbox 118 1684 1437 1736; baseline 0.003 -16"><span class='ocrx_word' id='word_1_197' title='bbox 118 1684 187 1733; x_wconf 89' lang='lat' dir='ltr'>qui</span> <span class='ocrx_word' id='word_1_198' title='bbox 218 1685 345 1722; x_wconf 76' lang='lat' dir='ltr'>Albae</span> <span class='ocrx_word' id='word_1_199' title='bbox 374 1691 654 1734; x_wconf 85' lang='lat' dir='ltr'>regnaverunt.</span> <span class='ocrx_word' id='word_1_200' title='bbox 714 1686 860 1723; x_wconf 86' lang='lat' dir='ltr'>Latino</span> <span class='ocrx_word' id='word_1_201' title='bbox 889 1687 995 1723; x_wconf 86' lang='lat' dir='ltr'>Alba</span> <span class='ocrx_word' id='word_1_202' title='bbox 1025 1692 1147 1733; x_wconf 87' lang='lat' dir='ltr'>ortus,</span> <span class='ocrx_word' id='word_1_203' title='bbox 1180 1687 1287 1724; x_wconf 87' lang='lat' dir='ltr'>Alba</span> <span class='ocrx_word' id='word_1_204' title='bbox 1319 1688 1437 1736; x_wconf 73' lang='lat' dir='ltr'>Atys,</span> 
     </span>
     <span class='ocr_line' id='line_1_26' title="bbox 118 1746 1442 1798; baseline 0.002 -16"><span class='ocrx_word' id='word_1_205' title='bbox 118 1746 227 1795; x_wconf 83' lang='lat' dir='ltr'>Atye</span> <span class='ocrx_word' id='word_1_206' title='bbox 263 1746 401 1796; x_wconf 81' lang='lat' dir='ltr'>Capys,</span> <span class='ocrx_word' id='word_1_207' title='bbox 441 1748 571 1797; x_wconf 84' lang='lat' dir='ltr'>Capye</span> <span class='ocrx_word' id='word_1_208' title='bbox 617 1748 799 1797; x_wconf 86' lang='lat' dir='ltr'>Capetus,</span> <span class='ocrx_word' id='word_1_209' title='bbox 839 1748 988 1797; x_wconf 83' lang='lat' dir='ltr'>Capeto</span> <span class='ocrx_word' id='word_1_210' title='bbox 1034 1749 1251 1794; x_wconf 87' lang='lat' dir='ltr'>Tiberinus,</span> <span class='ocrx_word' id='word_1_211' title='bbox 1289 1748 1357 1798; x_wconf 93' lang='lat' dir='ltr'>qui</span> <span class='ocrx_word' id='word_1_212' title='bbox 1399 1748 1442 1784; x_wconf 88' lang='lat' dir='ltr'>in</span> 
     </span>
     <span class='ocr_line' id='line_1_27' title="bbox 118 1807 1441 1859; baseline 0.002 -16"><span class='ocrx_word' id='word_1_213' title='bbox 118 1807 285 1844; x_wconf 85' lang='lat' dir='ltr'>traiectu</span> <span class='ocrx_word' id='word_1_214' title='bbox 304 1808 477 1845; x_wconf 81' lang='lat' dir='ltr'>Albulae</span> <span class='ocrx_word' id='word_1_215' title='bbox 497 1810 624 1845; x_wconf 87' lang='lat' dir='ltr'>amnis</span> <span class='ocrx_word' id='word_1_216' title='bbox 636 1810 861 1846; x_wconf 87' lang='lat' dir='ltr'>submersus</span> <span class='ocrx_word' id='word_1_217' title='bbox 873 1809 1021 1846; x_wconf 81' lang='lat' dir='ltr'>celebre</span> <span class='ocrx_word' id='word_1_218' title='bbox 1041 1809 1090 1846; x_wconf 85' lang='lat' dir='ltr'>ad</span> <span class='ocrx_word' id='word_1_219' title='bbox 1110 1814 1284 1859; x_wconf 87' lang='lat' dir='ltr'>posteros</span> <span class='ocrx_word' id='word_1_220' title='bbox 1300 1821 1441 1846; x_wconf 89' lang='lat' dir='ltr'>nomen</span> 
     </span>
     <span class='ocr_line' id='line_1_28' title="bbox 118 1869 1482 1920; baseline 0.001 -16"><span class='ocrx_word' id='word_1_221' title='bbox 118 1869 271 1905; x_wconf 86' lang='lat' dir='ltr'>flumini</span> <span class='ocrx_word' id='word_1_222' title='bbox 291 1869 408 1906; x_wconf 89' lang='lat' dir='ltr'>dedit.</span> <span class='ocrx_word' id='word_1_223' title='bbox 465 1870 644 1919; x_wconf 83' lang='lat' dir='ltr'>Agrippa</span> <span class='ocrx_word' id='word_1_224' title='bbox 669 1871 757 1907; x_wconf 90' lang='lat' dir='ltr'>inde</span> <span class='ocrx_word' id='word_1_225' title='bbox 779 1871 952 1907; x_wconf 90' lang='lat' dir='ltr'>Tiberini</span> <span class='ocrx_word' id='word_1_226' title='bbox 978 1871 1093 1917; x_wconf 90' lang='lat' dir='ltr'>filius,</span> <span class='ocrx_word' id='word_1_227' title='bbox 1112 1878 1198 1920; x_wconf 90' lang='lat' dir='ltr'>post</span> <span class='ocrx_word' id='word_1_228' title='bbox 1218 1872 1441 1920; x_wconf 84' lang='lat' dir='ltr'>Agrippam</span> <span class='ocrx_word' id='word_1_229' title='bbox 1461 1878 1482 1915; x_wconf 93' lang='lat'><strong>9</strong></span> 
     </span>
     <span class='ocr_line' id='line_1_29' title="bbox 118 1929 1441 1981; baseline 0.001 -15"><span class='ocrx_word' id='word_1_230' title='bbox 118 1929 311 1966; x_wconf 88' lang='lat' dir='ltr'>Romulus</span> <span class='ocrx_word' id='word_1_231' title='bbox 332 1930 475 1968; x_wconf 86' lang='lat' dir='ltr'>Silvius</span> <span class='ocrx_word' id='word_1_232' title='bbox 494 1944 517 1966; x_wconf 92' lang='lat' dir='ltr'>a</span> <span class='ocrx_word' id='word_1_233' title='bbox 535 1937 650 1980; x_wconf 89' lang='lat' dir='ltr'>patre</span> <span class='ocrx_word' id='word_1_234' title='bbox 669 1938 826 1980; x_wconf 85' lang='lat' dir='ltr'>accepto</span> <span class='ocrx_word' id='word_1_235' title='bbox 845 1932 1009 1981; x_wconf 91' lang='lat' dir='ltr'>imperio</span> <span class='ocrx_word' id='word_1_236' title='bbox 1030 1937 1182 1980; x_wconf 82' lang='lat' dir='ltr'>regnat.</span> <span class='ocrx_word' id='word_1_237' title='bbox 1238 1932 1441 1968; x_wconf 83' lang='lat' dir='ltr'>Aventino</span> 
     </span>
     <span class='ocr_line' id='line_1_30' title="bbox 117 1990 1441 2042; baseline 0.002 -16"><span class='ocrx_word' id='word_1_238' title='bbox 117 1990 282 2027; x_wconf 87' lang='lat' dir='ltr'>fulmine</span> <span class='ocrx_word' id='word_1_239' title='bbox 301 1992 381 2040; x_wconf 89' lang='lat' dir='ltr'>ipse</span> <span class='ocrx_word' id='word_1_240' title='bbox 406 1992 506 2028; x_wconf 86' lang='lat' dir='ltr'>ictus</span> <span class='ocrx_word' id='word_1_241' title='bbox 531 2005 699 2040; x_wconf 86' lang='lat' dir='ltr'>regnum</span> <span class='ocrx_word' id='word_1_242' title='bbox 720 2006 788 2042; x_wconf 84' lang='lat' dir='ltr'>per</span> <span class='ocrx_word' id='word_1_243' title='bbox 807 2006 948 2029; x_wconf 89' lang='lat' dir='ltr'>manus</span> <span class='ocrx_word' id='word_1_244' title='bbox 968 1993 1145 2029; x_wconf 87' lang='lat' dir='ltr'>tradidit.</span> <span class='ocrx_word' id='word_1_245' title='bbox 1203 1994 1245 2029; x_wconf 89' lang='lat' dir='ltr'>Is</span> <span class='ocrx_word' id='word_1_246' title='bbox 1263 1993 1441 2041; x_wconf 86' lang='lat' dir='ltr'>sepultus</span> 
     </span>
     <span class='ocr_line' id='line_1_31' title="bbox 117 2051 1438 2103; baseline 0.002 -15"><span class='ocrx_word' id='word_1_247' title='bbox 117 2051 159 2088; x_wconf 92' lang='lat' dir='ltr'>in</span> <span class='ocrx_word' id='word_1_248' title='bbox 190 2064 235 2089; x_wconf 90' lang='lat' dir='ltr'>eo</span> <span class='ocrx_word' id='word_1_249' title='bbox 264 2053 369 2098; x_wconf 90' lang='lat' dir='ltr'>colle,</span> <span class='ocrx_word' id='word_1_250' title='bbox 402 2053 470 2101; x_wconf 91' lang='lat' dir='ltr'>qui</span> <span class='ocrx_word' id='word_1_251' title='bbox 500 2066 605 2090; x_wconf 90' lang='lat' dir='ltr'>nunc</span> <span class='ocrx_word' id='word_1_252' title='bbox 631 2066 722 2103; x_wconf 85' lang='lat' dir='ltr'>pars</span> <span class='ocrx_word' id='word_1_253' title='bbox 754 2054 957 2091; x_wconf 86' lang='lat' dir='ltr'>Romanae</span> <span class='ocrx_word' id='word_1_254' title='bbox 988 2062 1045 2090; x_wconf 82' lang='lat' dir='ltr'>est</span> <span class='ocrx_word' id='word_1_255' title='bbox 1075 2055 1195 2100; x_wconf 79' lang='lat' dir='ltr'>urbis,</span> <span class='ocrx_word' id='word_1_256' title='bbox 1225 2065 1438 2102; x_wconf 87' lang='lat' dir='ltr'>cognomen</span> 
     </span>
     <span class='ocr_line' id='line_1_32' title="bbox 117 2114 1508 2164; baseline 0 -14"><span class='ocrx_word' id='word_1_257' title='bbox 117 2114 204 2150; x_wconf 88' lang='lat' dir='ltr'>colli</span> <span class='ocrx_word' id='word_1_258' title='bbox 242 2114 346 2151; x_wconf 90' lang='lat' dir='ltr'>fecit.</span> <span class='ocrx_word' id='word_1_259' title='bbox 405 2114 526 2151; x_wconf 87' lang='lat' dir='ltr'>Proca</span> <span class='ocrx_word' id='word_1_260' title='bbox 563 2115 702 2152; x_wconf 88' lang='lat' dir='ltr'>deinde</span> <span class='ocrx_word' id='word_1_261' title='bbox 740 2120 893 2164; x_wconf 80' lang='lat' dir='ltr'>regnat.</span> <span class='ocrx_word' id='word_1_262' title='bbox 952 2116 993 2152; x_wconf 90' lang='lat' dir='ltr'>Is</span> <span class='ocrx_word' id='word_1_263' title='bbox 1030 2115 1283 2152; x_wconf 83' lang='lat' dir='ltr'>Numitorem</span> <span class='ocrx_word' id='word_1_264' title='bbox 1320 2120 1439 2164; x_wconf 85' lang='lat' dir='ltr'>atque</span> <span class='ocrx_word' id='word_1_265' title='bbox 1464 2127 1508 2151; x_wconf 82' lang='lat'>10</span> 
     </span>
     <span class='ocr_line' id='line_1_33' title="bbox 116 2174 1437 2226; baseline 0.002 -16"><span class='ocrx_word' id='word_1_266' title='bbox 116 2174 323 2211; x_wconf 91' lang='lat' dir='ltr'>Amulium</span> <span class='ocrx_word' id='word_1_267' title='bbox 356 2180 558 2224; x_wconf 81' lang='lat' dir='ltr'>procreat3</span> <span class='ocrx_word' id='word_1_268' title='bbox 587 2176 802 2222; x_wconf 87' lang='lat' dir='ltr'>Numitori,</span> <span class='ocrx_word' id='word_1_269' title='bbox 834 2177 901 2226; x_wconf 89' lang='lat' dir='ltr'>qui</span> <span class='ocrx_word' id='word_1_270' title='bbox 940 2177 1074 2226; x_wconf 89' lang='lat' dir='ltr'>stirpis</span> <span class='ocrx_word' id='word_1_271' title='bbox 1110 2177 1305 2213; x_wconf 84' lang='lat' dir='ltr'>maximus</span> <span class='ocrx_word' id='word_1_272' title='bbox 1341 2181 1437 2222; x_wconf 79' lang='lat' dir='ltr'>erat,</span> 
     </span>
     <span class='ocr_line' id='line_1_34' title="bbox 117 2236 1439 2287; baseline 0.001 -15"><span class='ocrx_word' id='word_1_273' title='bbox 117 2247 282 2284; x_wconf 86' lang='lat' dir='ltr'>regnum</span> <span class='ocrx_word' id='word_1_274' title='bbox 320 2242 520 2273; x_wconf 86' lang='lat' dir='ltr'>vetustum</span> <span class='ocrx_word' id='word_1_275' title='bbox 560 2237 704 2274; x_wconf 88' lang='lat' dir='ltr'>Silviae</span> <span class='ocrx_word' id='word_1_276' title='bbox 739 2238 868 2286; x_wconf 86' lang='lat' dir='ltr'>gentis</span> <span class='ocrx_word' id='word_1_277' title='bbox 905 2238 1021 2287; x_wconf 85' lang='lat' dir='ltr'>legat.</span> <span class='ocrx_word' id='word_1_278' title='bbox 1079 2238 1175 2275; x_wconf 92' lang='lat' dir='ltr'>Plus</span> <span class='ocrx_word' id='word_1_279' title='bbox 1211 2242 1347 2274; x_wconf 87' lang='lat' dir='ltr'>tamen</span> <span class='ocrx_word' id='word_1_280' title='bbox 1380 2236 1439 2273; x_wconf 88' lang='lat' dir='ltr'>vis</span> 
     </span>
     <span class='ocr_line' id='line_1_35' title="bbox 117 2297 1438 2347; baseline 0.002 -14"><span class='ocrx_word' id='word_1_281' title='bbox 117 2297 247 2346; x_wconf 88' lang='lat' dir='ltr'>potuit</span> <span class='ocrx_word' id='word_1_282' title='bbox 266 2310 385 2346; x_wconf 91' lang='lat' dir='ltr'>quam</span> <span class='ocrx_word' id='word_1_283' title='bbox 414 2298 600 2335; x_wconf 77' lang='lat' dir='ltr'>voluntas</span> <span class='ocrx_word' id='word_1_284' title='bbox 618 2299 745 2347; x_wconf 87' lang='lat' dir='ltr'>patris</span> <span class='ocrx_word' id='word_1_285' title='bbox 764 2304 834 2336; x_wconf 85' lang='lat' dir='ltr'>aut</span> <span class='ocrx_word' id='word_1_286' title='bbox 854 2300 1088 2336; x_wconf 89' lang='lat' dir='ltr'>verecundia</span> <span class='ocrx_word' id='word_1_287' title='bbox 1108 2300 1263 2337; x_wconf 87' lang='lat' dir='ltr'>aetatis.</span> <span class='ocrx_word' id='word_1_288' title='bbox 1319 2297 1438 2335; x_wconf 87' lang='lat' dir='ltr'>Pulso</span> 
     </span>
    </p>
   </div>
  </div>
 </body>
</html>
