1674 2506
711 159 826 184 anr.
858 148 918 184 33.
1424 150 1472 186 55

210 250 422 288 XXXIII.
461 251 597 288 Ancus
635 250 871 287 demandata
899 263 994 287 cura
1023 264 1219 287 sacrorum
1249 252 1474 289 flaminibus
1497 269 1511 292 1

155 312 496 361 sacerdotibusque
542 312 628 349 aliis
665 311 839 348 exercitu
877 324 978 348 novo
1016 312 1232 361 conscripto
1277 312 1474 361 profectus

156 373 387 410 Politorium
425 374 560 410 urbem
591 373 827 409 Latinorum
857 374 897 408 vi
924 374 1037 422 cepit,
1068 378 1299 422 secutusque
1327 386 1472 410 morem

154 446 292 483 regum
322 434 509 483 priorum,
539 434 606 482 qui
636 446 719 470 rem
751 434 974 470 Romanam
1003 437 1198 470 auxerant
1228 434 1406 471 hostibus
1433 435 1474 471 in

155 495 353 532 civitatem
367 495 608 544 accipiendis,
622 495 919 531 multitudinem
932 508 1087 532 omnem
1102 495 1269 532 Romam
1282 495 1471 533 traduxit.

155 558 208 593 Et
225 569 315 593 cum
336 557 436 593 circa
457 557 669 603 Palatium,
689 556 817 593 sedem
838 561 1015 593 veterum
1037 557 1318 603 Romanorum,
1337 557 1473 593 Sabini
1494 569 1512 592 2

155 618 390 667 Capitolium
411 622 531 668 atque
550 631 689 664 arcem,
703 618 878 654 Coelium
890 623 1066 654 montem
1080 618 1227 654 Albani
1246 618 1471 667 inplessent,

154 680 397 716 Aventinum
419 692 542 717 novae
561 679 807 716 multitudini
828 679 978 716 datum.
1035 679 1175 716 Additi
1204 679 1335 716 eodem
1365 679 1472 716 haud

153 741 212 778 ita
257 741 382 777 multo
429 747 515 790 post
563 741 733 777 Tellenis
779 741 1004 790 Ficanaque
1049 741 1175 789 captis
1220 740 1312 777 novi
1358 741 1470 776 cives.

154 801 386 838 Politorium
414 801 505 838 inde
523 814 659 838 rursus
687 801 786 837 bello
806 802 1032 850 repetitum,
1053 801 1155 850 quod
1176 814 1343 838 vacuum
1364 814 1471 837 occu-
1492 816 1512 850 3

153 866 346 911 paverant
365 863 485 899 Prisci
514 863 663 899 Latini.
720 862 854 911 anue
881 875 998 899 causa
1025 862 1237 899 diruendae
1265 862 1372 898 urbis
1391 862 1474 898 eius

153 923 230 960 fuit
258 924 460 970 Romanis,
482 937 531 961 ne
558 924 727 961 hostium
748 937 899 973 semper
918 925 1206 973 receptaculum
1226 927 1336 960 esset.
1385 923 1472 959 Pos-
1491 935 1512 967 4

153 989 277 1022 tremo
305 986 411 1022 omni
440 985 541 1022 bello
574 985 717 1022 Latino
756 985 985 1022 Medulliam
1019 985 1203 1034 conpulso
1232 984 1471 1033 aliquamdiu

152 1047 205 1083 ibi
239 1046 372 1083 Marte
405 1048 552 1084 incerto
585 1047 697 1084 varia
727 1047 891 1084 victoria
928 1052 1150 1096 pugnatum
1185 1050 1268 1083 est:
1309 1060 1401 1083 nam
1432 1050 1471 1083 et

152 1109 246 1145 urbs
283 1112 371 1145 tuta
408 1109 694 1145 munitionibus
730 1109 995 1158 praesidioque
1031 1108 1188 1144 firmata
1216 1108 1345 1144 valido
1373 1111 1469 1153 erat,

151 1173 192 1206 et
218 1170 355 1206 castris
391 1170 433 1206 in
466 1173 602 1218 aperto
638 1170 773 1218 positis
809 1169 1043 1218 aliquotiens
1076 1169 1270 1205 exercitus
1304 1168 1471 1205 Latinus

151 1231 366 1268 comminus
398 1244 483 1267 cum
520 1230 708 1268 Romanis
744 1232 856 1279 signa
883 1231 1117 1267 contulerat.
1191 1231 1257 1266 Ad
1285 1230 1469 1266 ultimum
1491 1245 1509 1279 5

151 1292 332 1328 omnibus
367 1292 486 1341 copiis
514 1292 667 1328 conisus
702 1292 841 1328 Ancus
876 1292 956 1328 acie
993 1292 1165 1340 primum
1205 1292 1341 1337 vincit,
1380 1290 1470 1326 inde

151 1353 304 1403 ingenti
336 1353 482 1402 praeda
513 1358 651 1402 potens
689 1353 856 1389 Romam
886 1352 1000 1398 redit,
1034 1358 1118 1389 tum
1152 1364 1306 1401 quoque
1334 1351 1470 1388 multis

151 1414 308 1451 milibus
329 1414 560 1451 Latinorum
587 1414 627 1450 in
657 1414 857 1450 civitatem
884 1414 1062 1462 acceptis,
1091 1414 1243 1463 quibus,
1270 1417 1312 1450 ut
1338 1413 1468 1462 iunge-

151 1479 262 1512 retur
275 1476 430 1513 Palatio
442 1476 703 1522 Aventinum,
717 1475 766 1512 ad
780 1475 956 1511 Murciae
972 1475 1087 1511 datae
1099 1475 1216 1512 sedes.
1248 1474 1467 1511 Ianiculum
1489 1480 1510 1514 6

151 1550 305 1586 quoque
342 1537 547 1583 adiectum,
576 1550 655 1574 non
688 1537 819 1586 inopia
846 1537 930 1582 loci,
960 1537 1026 1573 sed
1060 1549 1108 1573 ne
1140 1536 1295 1585 quando
1324 1548 1369 1572 ea
1398 1548 1468 1571 arx

151 1599 323 1635 hostium
352 1602 463 1635 esset.
521 1598 569 1634 Id
602 1611 680 1635 non
713 1611 826 1635 muro
857 1597 995 1643 solum⁷
1029 1598 1094 1634 sed
1132 1598 1252 1634 etiam
1285 1598 1334 1634 ob
1371 1609 1468 1633 com-

151 1660 378 1696 moditatem
398 1660 551 1697 itineris
570 1663 689 1709 ponte
710 1659 891 1705 Sublicio,
911 1663 998 1695 tum
1028 1660 1199 1708 primum
1227 1659 1270 1695 in
1298 1658 1468 1695 Tiberim

151 1720 266 1766 facto,
287 1722 468 1770 coniungi
489 1722 577 1757 urbi
598 1721 757 1770 placuit.
815 1721 1029 1765 Quiritium
1053 1733 1206 1769 quoque
1226 1720 1340 1766 fossa,
1362 1720 1468 1756 haud
1490 1730 1508 1767 7

151 1795 319 1832 parvum
337 1783 628 1819 munimentum
656 1796 679 1818 a
707 1782 949 1831 planioribus
976 1781 1085 1818 aditu
1114 1782 1216 1827 locis,
1235 1781 1340 1818 Anci
1368 1781 1469 1830 regis

150 1856 246 1892 opus
276 1849 345 1880 est.
403 1844 565 1892 Ingenti
593 1844 833 1880 incremento
863 1844 978 1879 rebus
1008 1842 1132 1879 auctis
1163 1856 1250 1879 cum
1285 1843 1327 1879 in
1356 1846 1468 1878 tanta
1488 1845 1509 1879 8

151 1904 407 1941 multitudine
434 1905 638 1941 hominum
665 1904 887 1941 discrimine
918 1907 1022 1940 recte
1055 1917 1108 1940 an
1140 1916 1344 1953 perperam
1374 1903 1469 1940 facti

151 1965 310 2002 confuso
346 1965 521 2002 facinora
559 1965 800 2002 clandestina
837 1965 987 2011 fierent,
1022 1977 1155 2001 carcer
1191 1965 1241 2001 ad
1279 1968 1467 2001 terrorem

151 2027 400 2063 increscentis
418 2027 602 2063 audaciae
620 2027 748 2063 media
769 2026 865 2063 urbe
892 2026 1089 2062 inminens
1117 2025 1201 2062 foro
1229 2025 1466 2062 aedificatur.

151 2087 234 2125 Nec
248 2089 342 2125 urbs
356 2092 515 2124 tantum
530 2088 601 2124 hoc
615 2101 705 2137 rege
718 2088 841 2125 crevit
855 2088 920 2124 sed
932 2087 1051 2124 etiam
1065 2099 1158 2136 ager
1170 2087 1358 2136 finesque:
1375 2086 1470 2123 silva

152 2148 279 2185 Mesia
290 2149 526 2185 Veientibus
537 2149 720 2198 adempta
732 2161 854 2197 usque
865 2149 916 2185 ad
927 2160 1036 2184 mare
1044 2148 1252 2197 imperium
1260 2148 1467 2197 prolatum,

151 2214 192 2247 et
219 2211 261 2247 in
285 2223 351 2246 ore
378 2210 527 2246 Tiberis
555 2210 666 2247 Ostia
693 2210 787 2246 urbs
814 2209 982 2256 condita,
1011 2209 1159 2246 salinae
1186 2209 1286 2246 circa
1314 2208 1469 2254 factae;

152 2271 382 2320 egregieque
396 2272 511 2308 rebus
529 2271 629 2307 bello
649 2272 768 2319 gestis
785 2270 889 2307 aedis
908 2271 1014 2306 Iovis
1035 2270 1200 2306 Feretrii
1220 2270 1468 2318 amplificata.
