1674 2506
191 128 239 167 72
782 138 873 166 va
902 137 928 165 1.

149 238 168 276 7
189 231 287 268 nihil
305 231 370 280 agi
389 230 702 280 indignarentur.
762 230 840 266 Hic
859 231 964 266 enim
990 243 1127 280 regum
1148 230 1298 279 primus
1317 229 1510 268 traditum

187 305 212 328 a
240 292 434 341 prioribus
461 303 608 327 morem
636 291 682 327 de
710 291 889 327 omnibus
918 296 1100 328 senatum
1129 292 1354 328 consulendi
1383 292 1509 340 solvit,

187 354 408 391 domesticis
443 353 613 390 consiliis
652 366 735 389 rem
780 353 978 401 publicam
1024 353 1327 399 administravit,
1366 353 1508 390 bellum

186 428 321 464 pacem
359 415 516 451 foedera
549 415 754 451 societates
786 427 855 463 per
893 427 933 451 se
969 416 1051 464 ipse
1088 428 1176 451 cum
1213 416 1354 463 quibus
1386 416 1510 453 voluit

145 480 167 515 8
186 477 336 513 iniussu
355 476 490 526 populi
509 489 553 512 ac
581 479 740 512 senatus
769 474 859 512 fecit
879 476 1125 525 diremitque.
1185 477 1419 512 Latinorum
1438 477 1510 514 sibi

186 538 355 574 maxime
391 541 549 586 gentem
586 537 830 582 conciliabat,
863 540 909 573 ut
946 538 1161 587 peregrinis
1189 551 1341 587 quoque
1373 538 1510 587 opibus

185 600 310 635 tutior
329 599 435 635 inter
454 599 556 635 cives
574 602 685 644 esset,
707 611 832 647 neque
851 598 1019 648 hospitia
1039 599 1150 636 modo
1169 612 1257 636 cum
1276 600 1510 648 primoribus

185 673 318 697 eorum
346 660 412 697 sed
440 660 666 697 adfinitates
694 673 848 709 quoque
881 660 1081 710 iungebat.
1141 661 1303 698 Octavio
1332 661 1509 699 Mamilio

144 730 165 765 9
184 722 488 759 Tusculano—is
515 722 630 771 longe
648 723 828 771 princeps
849 722 981 759 Latini
1010 723 1179 759 nominis
1206 726 1303 769 erat,
1325 723 1357 759 si
1380 723 1509 760 famae

185 783 387 829 credimus,
426 784 477 819 ab
514 783 634 821 Ulixe
678 784 823 832 deaque
862 784 972 821 Circa
1014 785 1293 821 oriundus—ei
1332 784 1509 821 Mamilio

185 845 305 881 filiam
326 850 494 894 nuptum
514 846 595 891 dat,
616 858 761 894 perque
787 858 851 882 eas
868 846 1030 894 nuptias
1050 846 1194 882 multos
1221 845 1295 882 sibi
1322 850 1508 895 cognatos

185 906 403 954 amicosque
422 907 505 942 eius
523 906 712 942 conciliat.

149 1038 161 1061 Ι
238 1028 281 1066 L.
313 1029 400 1065 Iam
426 1042 572 1078 magna
596 1029 789 1077 Tarquini
814 1029 1027 1066 auctoritas
1045 1029 1150 1066 inter
1171 1029 1404 1066 Latinorum
1423 1042 1507 1078 pro-

184 1102 288 1127 ceres
321 1094 418 1136 erat,
451 1103 540 1126 cum
572 1090 614 1126 in
640 1090 742 1126 diem
774 1094 921 1127 certam
951 1094 998 1127 ut
1031 1090 1078 1127 ad
1111 1090 1242 1127 lucum
1272 1091 1507 1127 Ferentinae

184 1152 418 1188 conveniant
445 1151 607 1189 indicit:
638 1164 718 1188 esse
746 1164 846 1200 quae
876 1164 993 1201 agere
1021 1152 1068 1188 de
1095 1152 1212 1188 rebus
1238 1153 1508 1189 communibus

145 1226 162 1249 2
185 1213 289 1250 velit.
347 1213 597 1249 Conveniunt
617 1212 843 1261 frequentes
861 1213 987 1262 prima
1006 1212 1102 1250 luce.
1159 1213 1249 1261 Ipse
1269 1213 1507 1262 Tarquinius

184 1274 285 1310 diem
319 1274 475 1322 quidem
505 1274 688 1320 servavit,
718 1274 783 1310 sed
811 1274 929 1322 paulo
959 1278 1053 1310 ante
1083 1286 1200 1322 quam
1230 1274 1285 1310 sol
1320 1274 1507 1310 occideret

184 1335 303 1372 venit.
362 1334 497 1371 Multa
516 1335 570 1371 ibi
590 1338 673 1371 toto
693 1334 753 1371 die
771 1335 813 1370 in
833 1334 992 1371 concilio
1011 1335 1128 1371 variis
1156 1335 1304 1371 iactata
1324 1335 1506 1372 sermoni-

143 1410 163 1445 3
183 1396 255 1432 bus
284 1399 412 1432 erant.
469 1396 626 1432 Turnus
657 1395 882 1432 Herdonius
911 1396 961 1432 ab
989 1396 1125 1432 Aricia
1156 1395 1336 1433 ferociter
1368 1397 1410 1433 in
1442 1396 1506 1433 ab·

182 1460 331 1493 sentem
346 1456 604 1505 Tarquinium
624 1459 711 1492 erat
725 1457 924 1494 invectus:
945 1456 1051 1492 haud
1072 1457 1216 1492 mirum
1235 1469 1316 1493 esse
1332 1457 1507 1506 Superbo

182 1518 353 1554 inditum
387 1517 536 1554 Romae
569 1518 941 1566 cognomen—Iam
980 1518 1083 1553 enim
1121 1518 1179 1554 ita
1212 1518 1311 1554 clam
1349 1517 1505 1567 quidem

183 1580 448 1624 mussitanteS,
470 1579 584 1628 volgo
612 1583 747 1615 tamen
768 1591 857 1614 eum
886 1579 1271 1628 appellabant3—an
1299 1579 1506 1628 quicquam

182 1641 385 1690 superbius
413 1653 494 1677 esse
521 1653 638 1689 quam
667 1640 860 1676 ludificari
887 1640 940 1676 sic
972 1653 1085 1676 omne
1114 1652 1256 1676 nomen
1288 1640 1504 1678 Latinum?

141 1710 163 1743 4
182 1703 429 1751 Principibus
457 1702 571 1751 longe
598 1715 621 1737 a
650 1702 762 1738 domo
790 1702 926 1737 excitis
954 1701 1093 1750 ipsum,
1120 1701 1188 1750 qui
1215 1701 1420 1737 concilium
1447 1702 1504 1737 in-

181 1763 333 1809 dixerit,
369 1775 448 1799 non
477 1763 617 1799 adesse.
675 1762 873 1811 Teinptari
908 1763 1079 1811 profecto
1108 1762 1352 1811 patientiam,
1384 1765 1441 1809 ut,
1472 1763 1504 1799 si

181 1825 317 1873 iugum
337 1824 568 1873 acceperint,
582 1824 764 1860 obnoxios
783 1827 949 1872 premat.
997 1823 1071 1859 Oui
1089 1823 1192 1858 enim
1208 1835 1287 1859 non
1303 1835 1501 1871 apparere,

142 1898 160 1935 5
181 1885 380 1922 adfectare
413 1898 501 1922 eum
531 1885 739 1934 imperium
770 1885 813 1920 in
845 1885 1033 1921 Latinos?
1102 1884 1213 1928 Quod
1246 1884 1278 1920 si
1314 1885 1375 1920 sui
1406 1884 1504 1920 bene

180 1946 416 1983 crediderint
442 1947 554 1991 cives,
575 1949 645 1982 aut
673 1946 705 1982 si
725 1946 916 1982 creditum
945 1945 1042 1981 illud
1061 1948 1101 1981 et
1130 1957 1208 1981 non
1235 1948 1393 1994 raptum
1413 1958 1502 1994 par-

180 2007 313 2044 ricidio
345 2008 408 2054 sit,
440 2007 595 2043 credere
628 2011 668 2044 et
701 2007 874 2053 Latinos,
909 2006 1149 2054 quamquam
1183 2018 1232 2042 ne
1261 2007 1314 2043 sic
1347 2006 1503 2055 quidem

140 2078 161 2113 6
181 2068 432 2117 alienigenae,
455 2068 616 2105 debere:
646 2069 707 2104 sin
725 2080 814 2104 suos
842 2067 924 2103 eius
943 2068 1154 2116 paeniteat,
1175 2068 1318 2116 quippe
1340 2067 1409 2116 qui
1436 2068 1503 2104 alii

179 2142 296 2179 super
314 2130 409 2165 alios
436 2130 695 2175 trucidentur,
716 2129 919 2165 exulatum
940 2132 1043 2173 eant,
1066 2129 1166 2164 bona
1185 2129 1388 2174 amittant,
1407 2128 1503 2177 quid

179 2191 259 2241 spei
278 2191 446 2226 melioris
466 2191 617 2227 Latinis
637 2190 841 2239 portendi?
899 2189 940 2226 Si
958 2201 997 2225 se
1015 2189 1192 2235 audiant,
1213 2189 1370 2225 domum
1390 2202 1501 2225 suam

178 2264 374 2302 quemque
391 2251 482 2288 inde
511 2252 687 2288 abituros
706 2263 833 2300 neque
852 2251 975 2299 magis
998 2251 1272 2287 observaturos
1292 2250 1392 2286 diem
1414 2263 1496 2287 con-
