1674 2506
658 149 795 176 CHAPS.
827 140 889 183 38,
920 140 981 176 39.
1427 141 1471 178 61

154 240 258 278 haud
291 240 407 278 facile
440 241 661 279 evehebant
693 253 828 290 aquas,
860 241 998 278 cloacis
1029 240 1191 291 fastigio
1227 242 1270 279 in
1305 242 1476 280 Tiberim

153 302 281 339 ductis
299 303 443 351 siccat3
472 307 513 340 et
532 315 665 340 aream
693 303 744 339 ad
772 303 908 339 aedem
937 304 979 340 in
1000 303 1193 353 Capitolio
1218 303 1336 351 Iovis,
1355 317 1475 353 quam
1496 311 1514 348 7

153 367 313 401 voverat
332 364 434 401 bello
454 363 610 409 Sabino,
630 364 711 400 iam
730 364 1004 413 praesagiente
1031 365 1163 401 animo
1182 364 1363 401 futuram
1383 365 1474 401 olim

152 425 453 475 amplitudinem
471 425 545 463 loci
564 428 727 474 occupat
746 425 1028 462 fundamentis.

204 548 411 586 XXXIX.
443 548 500 585 Eo
519 552 694 596 tempore
713 548 755 584 in
782 548 891 597 regia
911 548 1131 597 prodigium
1151 548 1290 595 visum,
1311 553 1476 586 eventu·
1497 563 1510 586 1

149 620 225 658 que
242 609 422 646 mirabile
448 609 553 646 fuit:
583 621 706 657 puero
734 609 954 655 dormienti,
984 610 1046 646 cui
1075 610 1210 647 Servio
1238 610 1367 647 Tullio
1396 610 1474 648 fuit

149 682 303 716 nomen,
318 674 438 719 caput
451 670 590 707 arsisse
602 669 739 707 ferunt
750 670 966 707 multorum
979 671 1020 707 in
1031 676 1249 721 conspectu.
1299 672 1475 709 Plurimo
1494 686 1512 709 2

148 731 273 781 igitur
300 732 470 768 clamore
498 731 588 767 inde
615 731 665 768 ad
693 735 834 769 tantae
862 732 916 769 rei
946 733 1181 770 miraculum
1214 737 1300 770 orto
1328 735 1475 772 excitos

148 805 269 841 reges,
289 797 340 839 et,
362 806 450 830 cum
470 793 629 842 quidam
648 792 907 830 familiarium
928 807 1072 843 aquam
1085 795 1136 831 ad
1147 796 1472 845 restinguendum

147 853 283 900 ferret,
313 855 364 892 ab
390 855 529 904 regina
556 858 770 901 retentum,
790 855 1002 904 sedatoque
1020 855 1100 892 iam
1119 856 1298 893 tumultu
1326 858 1472 894 moveri

147 917 316 954 vetuisse
344 929 522 966 puerum,
546 917 664 953 donec
683 929 755 953 sua
783 921 921 965 sponte
941 921 1188 966 experrectus
1208 921 1318 955 esset.
1375 917 1472 955 Mox
1490 934 1510 969 3

145 991 234 1014 cum
260 991 394 1016 somno
418 984 458 1016 et
486 980 686 1015 flammam
711 979 847 1015 abisse.
904 979 1003 1015 Tum
1024 979 1193 1016 abducto
1218 980 1260 1016 in
1278 984 1470 1016 secretum

145 1039 229 1076 viro
242 1039 448 1088 Tanaquil,
471 1043 493 1060 ‘⁶
506 1039 637 1076 Viden
657 1044 702 1076 tu
717 1052 882 1088 puerum
898 1039 1038 1085 hunc‚’'
1052 1040 1194 1089 inquit,
1217 1043 1239 1060 “
1255 1053 1371 1089 quem
1387 1045 1470 1077 tam

145 1100 286 1137 humili
317 1101 428 1138 cultu
458 1101 692 1138 educamus?
749 1101 856 1137 Scire
879 1101 968 1138 lieet
996 1101 1100 1138 hunc
1120 1101 1253 1139 lumen
1273 1102 1469 1151 quondam

145 1161 260 1198 rebus
279 1161 423 1198 nostris
437 1161 564 1198 dubiis
579 1162 761 1198 futurum
781 1162 1096 1211 praesidiumque
1114 1162 1246 1212 regiae
1264 1163 1443 1201 adflictae
1461 1176 1468 1199 :

144 1222 307 1271 proinde
325 1224 530 1260 materiam
549 1223 722 1272 ingentis
746 1223 898 1271 publice
917 1223 1181 1272 privatimque
1201 1223 1346 1261 decoris
1364 1225 1470 1261 omni

144 1282 392 1333 indulgentia
412 1288 548 1321 nostra
573 1285 836 1321 nutriamus?
894 1285 991 1322 Inde
1010 1298 1176 1334 puerum
1202 1286 1369 1323 liberum
1388 1286 1469 1324 loco
1486 1302 1510 1334 4

144 1349 323 1395 coeptum
339 1345 473 1382 haberi
487 1346 711 1395 erudirique
729 1346 893 1391 artibus,
906 1347 1048 1395 quibus
1066 1347 1225 1396 ingenia
1236 1348 1286 1384 ad
1301 1361 1469 1397 magnae

144 1406 330 1444 fortunae
357 1407 508 1444 cultum
537 1408 772 1444 excitantur.
832 1407 977 1444 Evenit
999 1407 1114 1444 facile
1139 1409 1240 1458 quod
1269 1409 1342 1445 diis
1363 1410 1468 1447 cordi

144 1471 254 1505 esset.
312 1468 473 1505 Iuvenis
492 1469 617 1505 evasit
643 1481 732 1505 vere
760 1469 900 1505 indolis
918 1469 1061 1518 regiae,
1090 1483 1173 1516 nec,
1201 1484 1290 1507 cum
1309 1484 1468 1519 quaere-

143 1532 255 1566 retur
272 1541 392 1578 gener
419 1529 642 1577 Tarquinio,
671 1530 879 1578 quisquam
908 1530 1113 1568 Romanae
1140 1531 1360 1568 iuventutis
1387 1532 1466 1569 ulla

143 1593 230 1626 arte
248 1589 418 1626 conferri
437 1590 578 1639 potuit,
598 1590 798 1639 filiamque
816 1591 851 1627 ei
870 1603 982 1627 suam
1001 1604 1072 1628 rex
1090 1592 1306 1641 despondit.

197 1652 276 1689 Hic
302 1664 551 1701 quacumque
579 1651 626 1688 de
654 1665 771 1688 causa
800 1656 939 1689 tantus
966 1653 1024 1689 illi
1053 1654 1174 1690 honos
1202 1654 1361 1691 habitus
1389 1667 1466 1692 cre·
1486 1671 1504 1708 5

142 1712 233 1749 dere
251 1712 434 1761 prohibet
452 1725 565 1749 serva
594 1717 732 1749 natum
754 1726 843 1750 eum
871 1727 1117 1764 parvumque
1144 1715 1271 1764 ipsum
1290 1716 1463 1753 servisse.

143 1774 291 1810 Eorum
320 1774 446 1822 magis
473 1774 694 1811 sententiae
723 1787 824 1820 sum,
858 1775 925 1824 qui
965 1776 1171 1812 Corniculo
1208 1780 1323 1825 capto
1355 1776 1465 1814 Servi

141 1835 257 1881 Tulli,
277 1835 345 1884 qui
364 1835 545 1884 princeps
572 1836 614 1872 in
642 1835 711 1872 illa
732 1836 828 1872 urbe
848 1836 992 1882 fuerat,
1014 1837 1219 1885 gravidam
1240 1838 1324 1874 viro
1344 1839 1465 1875 occiso

141 1908 315 1941 uxorem,
337 1908 423 1931 cum
439 1896 544 1933 inter
563 1896 735 1946 reliquas
750 1897 928 1946 captivas
942 1898 1098 1946 cognita
1114 1902 1225 1945 esset,
1246 1899 1295 1935 ob
1308 1901 1463 1936 unicam

141 1956 388 1993 nobilitatem
421 1956 470 1993 ab
499 1957 637 2005 regina
666 1957 846 1994 Romana
874 1958 1113 2007 prohibitam
1142 1959 1278 1996 ferunt
1305 1961 1464 1997 servitio

142 2020 302 2066 partum
323 2017 471 2054 Romae
499 2017 661 2055 edidisse
690 2018 813 2055 Prisci
842 2019 1030 2068 Tarquini
1050 2020 1173 2057 domo.
1230 2020 1329 2058 Inde
1348 2025 1463 2059 tanto
1481 2031 1503 2066 6

142 2078 325 2114 beneficio
338 2082 378 2114 et
392 2078 498 2115 inter
510 2079 692 2116 mulieres
705 2079 1021 2117 familiaritatem
1041 2085 1212 2128 auctam,
1229 2087 1267 2118 et
1283 2094 1460 2131 puerum,

142 2142 188 2174 ut
205 2139 247 2175 in
266 2139 378 2175 domo
396 2152 420 2174 a
434 2152 554 2189 parvo
569 2140 764 2187 eductum,
783 2142 826 2178 in
838 2142 1003 2179 caritate
1015 2146 1135 2191 atque
1153 2142 1299 2180 honore
1318 2143 1436 2180 fuisse
1451 2158 1462 2191 3

141 2199 342 2236 fortunam
381 2201 531 2247 matris,
568 2201 670 2250 quod
711 2205 828 2251 capta
865 2203 998 2251 patria
1034 2203 1076 2239 in
1112 2203 1285 2240 hostium
1321 2217 1461 2241 manus

141 2260 306 2305 venerit,
332 2266 378 2297 ut
405 2273 518 2297 serva
546 2266 665 2299 natus
692 2263 915 2300 crederetur
942 2263 1087 2301 fecisse.
