1674 2506
701 160 817 186 anr.
849 148 882 185 7.
1403 147 1450 184 25

131 255 318 292 instituta
337 258 464 299 erant,
486 253 592 290 facit.
650 252 865 289 Herculem
884 251 927 288 in
946 264 992 288 ea
1021 251 1103 288 loca
1123 251 1303 300 Geryone
1331 251 1451 287 inter·
1470 257 1490 288 4

130 322 261 365 empto
297 316 412 352 boves
448 315 549 351 mira
585 313 710 363 specie
747 313 921 362 abegisse
967 316 1201 358 memorant,
1240 325 1285 349 ac
1330 324 1450 361 prope

130 377 300 414 Tiberim
338 377 513 420 fluvium,
552 388 632 424 qua
670 387 765 424 prae
801 386 842 410 se
887 378 1114 410 armentum
1152 386 1273 422 agens
1319 372 1451 410 nando

129 440 351 484 traiecerat,
372 439 451 474 loco
480 437 651 484 herbido,
672 440 719 473 ut
737 437 871 485 quiete
898 443 940 472 et
968 435 1114 485 pabulo
1141 435 1247 472 laeto
1276 435 1452 472 reficeret

132 501 257 546 boves,
278 505 318 537 et
339 501 464 549 ipsum
486 499 630 536 fessum
651 499 714 535 via
733 498 993 547 procubuisse.
1052 497 1116 534 lbi
1145 510 1235 534 cum
1255 509 1346 534 eum
1365 497 1449 533 cibo
1472 492 1490 530 5

129 563 297 611 vinoque
316 565 530 611 gravatum
549 574 662 610 sopor
680 560 944 609 oppressisset,
964 564 1099 608 pastor
1119 559 1249 595 accola
1276 559 1360 596 eius
1378 558 1452 595 loci

130 623 286 659 nomine
317 623 450 669 Cacus,
484 622 595 659 ferox
633 623 793 668 viribus,
831 626 973 671 captus
1003 620 1297 670 pulchritudine
1333 621 1450 657 boum

128 697 217 721 cum
237 688 416 721 avertere
436 696 520 720 eam
536 683 724 733 praedam
739 683 868 729 vellet,
885 683 990 732 quia,
1011 684 1043 719 si
1056 682 1206 731 agendo
1221 685 1448 718 armentum

128 746 170 782 in
189 745 414 794 speluncam
443 745 706 794 compulisset,
735 744 821 793 ipsa
850 744 1018 792 vestigia
1047 748 1304 793 quaerentem
1333 741 1452 779 domi-

129 819 224 844 num
243 819 288 844 eo
315 806 530 843 deductura
559 809 687 852 erant,
708 818 864 842 aversos
892 805 1018 850 boves,
1040 804 1229 842 eximium
1257 816 1452 853 quemque

128 867 433 917 pulchritudine,
473 867 606 904 caudis
643 866 684 903 in
723 866 949 915 speluncam
983 866 1122 903 traxit.
1182 866 1373 903 Hercules
1400 865 1450 902 ad
1469 854 1490 888 6

128 929 296 978 primam
316 940 499 964 auroram
526 940 661 965 somno
689 928 840 964 excitus
867 940 956 964 cum
986 940 1143 977 gregem
1173 926 1451 976 perlustrasset

128 989 248 1026 oculis
262 993 302 1025 et
314 996 468 1038 partem
481 989 613 1025 abesse
630 1001 792 1025 numero
806 988 1001 1035 sensisset,
1022 989 1153 1038 pergit
1169 987 1219 1024 ad
1235 988 1449 1037 proximam

128 1051 367 1100 speluncam,
398 1050 430 1087 si
458 1050 562 1087 forte
590 1062 634 1087 eo
662 1049 829 1099 vestigia
858 1049 1022 1086 ferrent.
1080 1050 1190 1094 Quae
1223 1049 1290 1085 ubi
1318 1049 1450 1086 omnia

127 1111 235 1148 foras
252 1124 365 1148 versa
387 1110 485 1147 vidit
504 1123 574 1147 nec
593 1113 635 1147 in
664 1115 820 1160 partem
840 1111 958 1147 aliam
977 1110 1095 1156 ferre,
1115 1111 1302 1147 confusus
1330 1114 1450 1159 atque

128 1173 301 1209 incertus
321 1172 444 1208 animi
464 1185 512 1209 ex
530 1173 612 1209 loco
630 1172 776 1209 infesto
791 1184 906 1221 agere
925 1185 1039 1221 porro
1051 1176 1276 1208 armentum
1290 1172 1448 1221 occepit.

128 1234 228 1271 Inde
247 1247 335 1270 cum
354 1238 467 1270 actae
486 1233 602 1270 boves
630 1233 824 1282 quaedam
853 1233 905 1270 ad
924 1233 1170 1279 desiderium,
1191 1236 1238 1269 ut
1265 1233 1323 1278 fit,
1343 1233 1450 1269 relic·
1471 1237 1488 1273 7

127 1299 261 1332 tarum
281 1295 510 1344 mugissent‚
532 1294 685 1331 reddita
705 1295 947 1331 inclusarum
967 1306 1014 1331 ex
1034 1294 1220 1343 spelunca
1239 1294 1357 1330 boum
1376 1307 1451 1330 vox

128 1356 340 1394 Herculem
367 1357 573 1394 convertit.
635 1357 759 1401 Quem
793 1369 881 1393 cum
910 1356 1121 1393 vadentem
1149 1355 1199 1392 ad
1225 1355 1449 1405 speluncam

127 1418 252 1455 Cacus
271 1418 309 1454 vi
327 1417 532 1467 prohibere
550 1421 715 1455 conatus
726 1427 838 1464 esset,
859 1417 962 1454 ictus
976 1417 1100 1464 clava,
1113 1416 1228 1454 fidem
1247 1422 1449 1467 pastorum

126 1480 365 1529 nequiquam
384 1479 572 1516 invocans
591 1483 756 1516 mortem
776 1479 968 1516 occubuit.

180 1541 368 1579 Euander
399 1545 488 1578 tum
525 1554 572 1578 ea
601 1540 792 1591 profugus
826 1554 874 1578 ex
908 1541 1175 1590 Peloponneso
1212 1540 1449 1577 auctoritate
1469 1538 1490 1573 8

126 1603 251 1652 magis
269 1615 387 1652 quam
406 1602 571 1652 imperio
599 1603 762 1650 regebat
790 1602 885 1649 loca,
908 1602 1144 1639 venerabilis
1173 1602 1233 1639 vir
1261 1601 1450 1638 miraculo

124 1663 364 1710 litterarum,
384 1664 441 1700 rei
461 1676 586 1700 novae
605 1662 711 1700 inter
730 1663 847 1700 rudes
866 1663 1015 1700 artium
1035 1663 1228 1709 homines,
1249 1663 1450 1699 venerabi-

125 1725 197 1762 lior
218 1725 428 1761 divinitate
457 1724 607 1761 credita
637 1724 875 1761 Carmentae
895 1725 1045 1771 matris,
1066 1736 1187 1773 quam
1216 1724 1449 1773 fatiloquam

126 1789 221 1822 ante
258 1785 431 1835 Sibyllae
467 1787 509 1822 in
550 1785 713 1822 Italiam
749 1785 964 1822 adventum
1001 1786 1172 1822 miratae
1208 1797 1276 1822 eae
1313 1789 1450 1834 gentes

125 1847 294 1884 fuerant.
343 1847 384 1883 Is
404 1851 490 1883 tum
512 1847 712 1893 Euander,
729 1860 918 1884 concursu
934 1851 1137 1896 pastorum
1158 1847 1449 1896 trepidantium
1469 1852 1490 1888 9

124 1908 223 1944 eirca
254 1908 447 1944 advenam
485 1908 720 1944 manifestae
747 1921 859 1944 reum
897 1908 1023 1945 caedis
1052 1908 1204 1945 excitus
1242 1912 1449 1957 postquam

124 1967 280 2006 facinus
311 1968 575 2017 facinorisque
606 1981 765 2005 causam
794 1969 960 2016 audivit,
991 1969 1174 2006 habitum
1202 1969 1450 2018 formamque

124 2029 200 2066 viri
217 2029 465 2078 aliquantum
484 2029 713 2078 ampliorem
733 2030 1080 2079 augustioremque
1093 2030 1272 2068 humana
1287 2031 1448 2068 intuens

124 2091 282 2140 rogitat,
302 2091 371 2140 qui
399 2092 460 2128 vir
487 2098 598 2129 esset.
655 2092 737 2129 Ubi
766 2105 910 2129 nomen
939 2095 1174 2141 patremque
1203 2104 1248 2129 ac
1277 2092 1448 2142 patriam
1473 2099 1514 2123 10

124 2152 284 2201 accepit,
316 2153 448 2189 “Iove
473 2158 578 2198 nate,
617 2152 820 2199 Hercules,
850 2153 958 2190 salve
971 2153 989 2168 '’
1023 2153 1166 2202 inquit.
1224 2153 1315 2189 “Te
1348 2153 1446 2189 mihi

125 2218 264 2260 mater,
293 2213 462 2250 veridica
489 2214 684 2263 interpres
711 2214 839 2260 deum,
878 2218 1090 2251 aucturum
1122 2214 1345 2251 caelestium
1378 2226 1450 2249 nu-

124 2286 275 2311 merum
303 2275 454 2321 cecinit,
475 2274 624 2325 tibique
643 2287 752 2311 aram
780 2274 844 2312 hic
871 2275 1045 2312 dicatum
1072 2275 1134 2322 iri,
1154 2287 1271 2325 quam
1291 2275 1448 2325 opulen-
