1674 2506
629 171 765 197 anPs.
797 161 858 207 52,
888 161 947 198 53.
1397 159 1444 197 75

125 275 174 299 ex
186 263 367 300 omnibus
386 263 538 313 populis
552 275 776 308 convenere,
793 275 843 299 ne
861 263 996 299 ducem
1012 275 1125 299 suum
1141 274 1238 299 neve
1252 266 1445 299 secretum

125 323 331 373 imperium
358 325 565 374 propriave
593 325 707 373 signa
734 324 937 370 haberent,
967 323 1124 360 miscuit
1150 323 1371 372 manipulos
1399 336 1446 360 ex

128 385 281 422 Latinis
308 385 587 434 Romanisque,
608 390 654 421 ut
681 397 728 421 ex
756 384 859 421 binis
885 384 1057 433 singulos
1085 384 1232 421 faceret
1260 384 1446 433 binosque

125 458 171 482 ex
189 446 352 495 singulis
366 460 377 494 3
405 447 463 483 ita
481 446 690 495 germinabis
709 445 922 495 manipulis
941 445 1187 482 centuriones
1206 445 1390 494 inposuit.

179 568 297 605 LIII.
326 568 421 614 Nec,
443 572 489 605 ut
508 568 679 605 iniustus
698 568 740 604 in
764 580 860 616 pace
888 581 969 614 rex,
989 568 1047 605 ita
1074 568 1155 604 dux
1182 568 1274 604 belli
1301 580 1445 616 pravus
1467 577 1481 601 ι

122 627 201 665 fuit
216 639 225 666 :
247 629 343 677 quin
356 642 400 665 ea
415 633 502 666 arte
522 634 725 678 aequasset
738 630 956 678 superiores
972 642 1091 678 reges,
1106 630 1148 665 ni
1162 629 1443 678 degeneratum

123 690 165 726 in
197 689 284 726 aliis
315 689 407 726 huic
440 703 593 739 quoque
625 690 752 726 decori
782 690 982 727 offecisset.
1040 690 1082 726 Is
1111 690 1262 739 primus
1292 690 1444 726 Volscis
1464 701 1482 725 2

123 751 268 787 bellum
286 750 328 787 in
347 751 534 787 ducentos
552 751 720 800 amplius
739 754 825 800 post
845 763 956 787 suam
977 754 1149 787 aetatem
1170 763 1295 787 annos
1310 751 1442 797 movit,

124 811 381 861 Suessamque
401 812 619 849 Pometiam
646 824 693 848 ex
712 811 772 848 his
790 812 830 848 vi
850 811 963 860 cepit.
1022 811 1103 848 Ubi
1128 824 1215 847 cum
1242 812 1443 849 divendita
1463 820 1484 856 3

122 872 268 921 praeda
282 872 549 922 quadraginta
561 873 717 909 talenta
730 873 887 921 argenti
898 872 1106 919 refecisset,
1123 874 1299 922 concepit
1312 874 1444 910 animo

120 945 208 969 eam
241 934 542 983 amplitudinem
581 934 686 970 Iovis
722 933 871 983 templi,
898 947 1000 982 quae
1037 934 1156 983 digna
1189 934 1303 971 deum
1323 934 1444 972 homi-

121 1007 293 1043 numque
338 1008 440 1044 rege,
474 1008 576 1044 quae
621 995 800 1031 Romano
825 995 998 1044 imperio,
1028 1007 1130 1044 quae
1168 995 1289 1044 ipsius
1324 996 1442 1032 etiam

120 1055 193 1093 loci
211 1057 418 1093 maiestate
443 1061 552 1094 esset.
610 1057 820 1106 Captivam
845 1057 1051 1105 pecuniam
1071 1057 1113 1093 in
1133 1057 1442 1094 aedificationem

120 1117 203 1155 eius
222 1118 360 1167 templi
382 1118 563 1167 seposuit.

174 1179 339 1227 Excepit
384 1178 524 1215 deinde
566 1190 657 1215 eum
699 1179 846 1215 lentius
882 1191 948 1228 spe
987 1179 1144 1225 bellum,
1183 1191 1261 1228 quo
1297 1179 1443 1216 Gabios
1462 1193 1483 1226 4

119 1239 377 1288 propinquam
403 1240 553 1285 urbem,
583 1241 823 1288 nequiquam
853 1241 891 1276 vi
916 1240 1091 1286 adortus,
1121 1253 1210 1277 cum
1242 1241 1440 1277 obsidendi

117 1313 272 1350 quoque
299 1302 435 1337 urbem
465 1313 551 1350 spes
579 1301 689 1350 pulso
717 1314 741 1338 a
772 1302 974 1338 moenibus
1001 1301 1185 1350 adempta
1219 1306 1330 1348 esset,
1359 1314 1441 1351 pos—

117 1365 242 1399 tremo
270 1363 431 1399 minime
455 1366 542 1400 arte
562 1363 756 1409 Romana,
778 1363 917 1400 fraude
945 1377 989 1400 ac
1017 1363 1116 1410 dolo,
1137 1364 1342 1412 adgressus
1370 1368 1438 1401 est.

118 1422 224 1459 Nam
254 1436 341 1459 cum
371 1423 482 1460 velut
510 1424 635 1472 posito
662 1423 763 1460 bello
792 1423 1063 1460 fundamentis
1090 1424 1228 1473 templi
1257 1424 1443 1461 faciendis
1462 1434 1481 1471 5

117 1483 278 1533 aliisque
298 1485 461 1521 urbanis
480 1485 662 1533 operibus
680 1486 883 1522 intentum
903 1498 942 1522 se
961 1497 1042 1522 esse
1060 1486 1277 1532 simularet,
1299 1486 1441 1523 Sextus

116 1545 220 1581 filius
244 1545 337 1591 eius,
358 1546 425 1594 qui
444 1546 630 1582 minimus
649 1557 698 1582 ex
715 1546 844 1583 tribus
862 1550 962 1592 erat,
984 1546 1205 1595 transfugit
1223 1559 1272 1582 ex
1291 1559 1440 1595 compo—

116 1605 191 1642 sito
210 1605 365 1652 Gabios,
379 1606 505 1655 patris
523 1606 565 1643 in
584 1618 624 1642 se
644 1606 850 1643 saevitiam
870 1606 1159 1643 intolerabilem
1174 1618 1439 1655 conquerens:

116 1668 196 1704 iam
227 1666 278 1702 ab
310 1667 448 1703 alienis
481 1667 523 1703 in
559 1680 647 1703 suos
681 1667 842 1704 vertisse
879 1668 1115 1716 superbiam,
1150 1671 1190 1704 et
1227 1668 1439 1704 liberorum
1460 1667 1481 1701 6

116 1739 269 1776 quoque
287 1739 376 1763 eum
397 1727 644 1776 frequentiae
664 1728 831 1773 taedere,
852 1732 899 1764 ut
917 1740 1037 1776 quam
1062 1729 1105 1764 in
1134 1729 1242 1764 curia
1267 1727 1439 1765 solitudi-

116 1801 206 1824 nem
226 1787 374 1835 fecerit,
396 1789 500 1825 domi
519 1801 672 1838 quoque
692 1789 825 1835 faciat,
846 1802 896 1826 ne
915 1802 1034 1838 quam
1053 1789 1229 1838 stirpem,
1250 1802 1299 1826 ne
1322 1801 1437 1838 quem

118 1847 299 1884 heredem
321 1849 432 1898 regni
458 1849 668 1897 relinquat.
727 1849 775 1886 Se
802 1849 959 1898 quidem
988 1850 1093 1886 inter
1121 1850 1200 1886 tela
1224 1855 1264 1887 et
1292 1850 1439 1898 gladios
1460 1860 1478 1897 7

116 1910 241 1958 patris
275 1909 452 1958 elapsum
482 1910 582 1946 nihil
610 1923 777 1959 usquam
806 1910 880 1946 sibi
907 1914 1040 1947 tutum
1071 1911 1145 1947 nisi
1173 1911 1279 1960 apud
1307 1911 1438 1948 hostes

119 1970 162 2006 L.
201 1969 391 2019 Tarquini
436 1971 651 2008 credidisse.
729 1971 836 2007 Nam
874 1984 924 2008 ne
962 1976 1154 2017 errarent,
1194 1985 1354 2009 manere
1390 1972 1437 2009 iis

114 2030 272 2076 bellum,
303 2031 405 2079 quod
435 2031 607 2080 positum
639 2032 860 2077 simuletur,
900 2036 940 2069 et
973 2045 1042 2081 per
1074 2032 1313 2070 occasionem
1346 2046 1436 2071 eum

113 2091 291 2128 incautos
320 2091 564 2129 invasurum.
633 2093 743 2137 Quod
772 2094 804 2129 si
832 2093 937 2142 apud
970 2105 1034 2130 eos
1065 2094 1304 2143 supplicibus
1332 2094 1436 2130 locus
1455 2098 1477 2133 8

114 2165 193 2189 nun
217 2152 280 2198 sit,
300 2157 598 2202 pererraturum
624 2166 664 2190 se
687 2166 801 2190 omne
829 2154 1001 2199 Latium,
1027 2152 1261 2203 Volscosque
1280 2167 1320 2192 se
1344 2155 1436 2191 inde

113 2216 153 2250 et
177 2214 336 2262 Aequos
363 2217 404 2250 et
426 2215 618 2251 Hernicos
645 2215 877 2264 petiturum,
900 2215 1019 2252 donec
1048 2215 1098 2251 ad
1124 2228 1187 2252 eos
1215 2216 1432 2265 perveniat,

112 2273 180 2322 qui
198 2286 222 2310 a
241 2280 401 2323 patrum
421 2275 642 2312 crudelibus
657 2279 776 2324 atque
791 2276 919 2324 impiis
933 2276 1130 2325 suppliciis
1145 2280 1277 2325 tegere
1291 2277 1432 2313 liberos
