1674 2506
181 115 229 150 24
764 126 855 150 mvi(
892 126 918 151 1.

179 229 299 266 quam
327 217 488 254 iuvenes
520 221 747 266 perpetrata
776 217 891 253 caede
919 229 1078 266 pergere
1106 217 1155 253 ad
1183 229 1224 253 se
1249 216 1498 266 gratulantes

179 278 291 324 vidit,
312 279 506 328 extemplo
525 279 714 316 advocato
739 279 900 315 concilio
919 279 1063 315 scelera
1083 279 1124 315 in
1145 291 1184 315 se
1212 278 1360 323 fratris,
1382 276 1498 326 origi-

179 352 267 376 nem
307 344 507 388 nepotum,
545 343 592 376 ut
629 340 764 389 geniti,
803 344 849 376 ut
886 339 1055 385 educati,
1094 343 1140 376 ut
1176 338 1322 387 cogniti
1355 341 1495 383 essent,

178 401 334 437 caedem
378 401 556 450 deinceps
599 401 763 450 tyranni
801 414 917 450 seque
954 401 1036 436 eius
1073 404 1272 437 auctorem
1309 399 1494 436 ostendit.

139 473 159 497 2
180 463 348 498 Iuvenes
368 474 437 511 per
456 461 624 498 mediam
644 463 865 498 contionem
893 461 1050 511 agmine
1076 461 1242 510 ingressi
1259 473 1348 497 cum
1377 473 1495 497 avum

178 536 310 573 regem
337 524 590 570 salutassent,
611 528 746 560 secuta
765 536 813 560 ex
832 524 939 560 omni
966 523 1222 560 multitudine
1249 522 1495 560 consentiens

179 597 254 621 vox
272 588 407 621 ratum
428 598 569 622 nomen
590 586 877 634 imperiumque
895 585 978 634 regi
997 585 1126 621 efficit.

137 657 159 693 3
232 646 298 682 Ita
318 645 520 683 Numitori
548 646 710 683 Albana
728 659 772 683 re
799 646 986 696 permissa
1008 645 1221 682 Romulum
1252 646 1500 692 Remumque

177 707 316 756 cupido
335 707 438 756 cepit
456 707 499 744 in
518 707 579 744 his
598 707 700 754 locis,
721 707 788 744 ubi
817 707 981 756 expositi
1009 707 1153 756 ubique
1183 706 1343 743 educati
1370 709 1498 751 erant,

178 769 286 805 urbis
304 769 540 806 condendae.
589 769 644 805 Et
663 773 868 818 supererat
887 769 1099 805 multitudo
1118 768 1368 804 Albanorum
1389 767 1498 804 Lati-

177 842 407 879 norumque,
435 830 485 866 ad
516 829 556 866 id
588 834 764 879 pastores
795 842 950 879 quoque
980 833 1234 875 accesserant,
1267 829 1335 878 qui
1367 841 1500 865 omnes

176 891 292 927 facile
328 903 435 940 spem
473 890 652 928 facerent
683 904 847 940 parvam
878 891 1038 937 Albam,
1078 903 1247 940 parvum
1287 890 1497 926 Lavinium

134 956 159 992 4
175 966 270 1003 prae
289 965 335 989 ea
354 953 462 998 urbe,
484 965 586 1001 quae
604 953 850 998 conderetur,
871 952 966 990 fore.
1023 953 1249 989 Intervenit
1268 951 1407 988 deinde
1435 951 1496 988 his

175 1014 479 1063 cogitationibus
520 1014 672 1051 avitum
710 1015 872 1060 malum,
912 1014 1023 1063 regni
1059 1014 1211 1062 cupido,
1250 1018 1370 1062 atque
1406 1013 1498 1050 inde

175 1076 331 1113 foedum
351 1080 551 1112 certamen
569 1080 744 1113 coortum
765 1090 789 1113 a
808 1077 905 1113 satis
924 1077 1012 1113 miti
1040 1075 1241 1125 principio.
1297 1075 1495 1120 Quoniam

175 1136 321 1186 gemini
366 1141 505 1183 essent,
558 1150 629 1174 nec
673 1138 817 1174 aetatis
853 1137 1088 1174 verecundia
1125 1137 1331 1174 discrimen
1368 1136 1498 1173 facere

174 1201 314 1247 posset,
334 1201 381 1234 ut
400 1198 465 1244 dii,
485 1210 653 1247 quorum
674 1198 826 1235 tutelae
853 1210 899 1234 ea
918 1198 1001 1235 loca
1029 1202 1169 1244 essent,
1190 1198 1371 1246 auguriis
1397 1197 1497 1247 lege-

174 1262 276 1305 rent,
314 1258 383 1308 qui
411 1271 553 1295 nomen
586 1272 711 1296 novae
744 1259 833 1295 urbi
861 1259 984 1306 daret,
1016 1259 1083 1308 qui
1107 1259 1305 1296 conditam
1334 1258 1496 1308 imperio

173 1324 338 1370 regeret,
360 1320 558 1357 Palatium
582 1320 786 1365 Romulus,
809 1320 958 1358 Remus
975 1321 1227 1357 Aventinum
1254 1320 1305 1357 ad
1329 1320 1495 1370 inaugu-

171 1381 343 1419 randum
362 1382 512 1431 templa
531 1382 704 1431 capiunt.

137 1519 147 1543 ι
223 1503 325 1542 VII.
355 1504 484 1541 Priori
504 1504 629 1541 Remo
648 1505 859 1554 augurium
881 1504 1031 1541 venisse
1059 1504 1189 1542 fertur
1207 1517 1275 1541 sex
1303 1504 1491 1551 vultures,

169 1567 328 1616 iamque
347 1566 533 1603 nuntiato
553 1566 718 1615 augurio
737 1579 827 1603 cum
847 1566 991 1615 duplex
1009 1579 1196 1603 numerus
1215 1565 1385 1603 Romulo
1412 1578 1493 1603 sese

170 1628 414 1673 ostendisset,
437 1631 650 1677 utrumque
679 1640 809 1676 regem
837 1641 910 1664 sua
929 1628 1145 1665 multitudo
1164 1627 1490 1665 consalutaverat.

170 1689 359 1737 Tempore
377 1688 435 1724 illi
454 1693 673 1738 praecepto,
695 1693 739 1725 at
768 1689 809 1725 hi
829 1702 994 1726 numero
1013 1690 1147 1725 avium
1176 1702 1343 1738 regnum
1362 1689 1492 1726 trahe-

130 1757 150 1782 2
168 1751 278 1787 bant.
335 1749 435 1785 Inde
465 1763 553 1786 cum
582 1750 840 1786 altercatione
869 1751 1063 1799 congressi
1092 1750 1308 1786 certamine
1339 1750 1491 1787 irarum

169 1812 219 1848 ad
252 1810 406 1847 caedem
444 1815 668 1847 vertuntur.
726 1811 789 1848 Ibi
817 1812 857 1847 in
886 1812 1007 1848 turba
1035 1812 1137 1848 ictus
1166 1812 1314 1848 Remus
1341 1811 1489 1848 cecidit.

168 1872 381 1921 Vulgatior
414 1871 521 1908 fama
549 1878 607 1909 est
640 1872 809 1908 ludibrio
847 1872 985 1909 fratris
1023 1873 1193 1909 Remum
1232 1885 1350 1909 novos
1381 1876 1490 1909 tran-

168 1933 316 1970 siluisse
344 1946 476 1970 muros
491 1947 501 1980 5
530 1933 621 1969 inde
649 1934 700 1970 ab
728 1935 832 1970 irato
862 1933 1042 1980 Romulo,
1063 1947 1151 1970 cum
1181 1933 1308 1970 verbis
1337 1945 1491 1982 quoque

167 1994 409 2043 increpitans
429 1994 630 2030 adiecisset
651 1998 674 2014 “
686 1995 739 2031 sic
758 1994 896 2030 deinde
916 1994 1152 2043 quicumque
1172 1994 1274 2031 alius
1292 1995 1491 2032 transiliet

127 2056 321 2102 3moenia
359 2053 508 2091 mea!”
555 2055 824 2092 interfectum.
895 2055 962 2091 Ita
999 2056 1102 2091 solus
1140 2055 1290 2103 potitus
1326 2055 1490 2104 imperio

168 2116 387 2162 Romulus3
417 2115 572 2152 condita
600 2116 693 2152 iubs
720 2115 933 2152 conditoris
961 2116 1118 2152 nomine
1146 2115 1358 2164 appellata.

220 2176 423 2213 Palatium
456 2177 639 2225 primum,
674 2177 716 2212 in
752 2189 830 2226 quo
862 2177 944 2226 ipse
974 2182 1062 2213 erat
1094 2177 1294 2222 educatus,
1328 2176 1487 2215 muniit.

168 2238 286 2275 Sacra
305 2238 378 2274 diis
397 2238 483 2274 aliis
501 2238 661 2274 Albano
680 2239 774 2282 ritu,
797 2238 945 2275 Graeco
966 2238 1143 2284 Herculi,
1163 2243 1210 2275 ut
1228 2238 1279 2274 ab
1299 2238 1488 2275 Euandro
