1674 2506
649 171 784 197 anPs.
815 160 877 205 41,
909 160 969 195 42.
1417 158 1464 194 63

148 275 429 312 concursusque
456 263 588 312 populi
615 262 856 308 mirantium,
887 261 979 311 quid
1015 261 1073 298 rei
1109 265 1220 298 esset.
1276 260 1467 310 Tanaquil

148 324 253 361 inter
280 324 499 360 tumultum
525 323 655 360 claudi
682 324 832 372 regiam
861 323 981 368 iubet,
1002 323 1174 359 arbitros
1196 322 1332 368 eiecit,
1353 321 1467 358 simul

148 397 249 434 quae
285 384 457 421 curando
484 384 638 421 vulneri
666 396 762 432 opus
789 388 895 430 sunt,
926 387 1132 432 tamquam
1169 396 1255 432 spes
1282 383 1468 428 subesset,

148 446 280 483 sedulo
299 449 500 495 conparat,
521 444 648 490 simul,
678 445 710 481 si
738 445 930 481 destituat
958 457 1055 493 spes,
1075 444 1153 481 alia
1171 444 1364 493 praesidia
1392 457 1469 480 mo—

148 508 255 544 litur.
313 506 445 543 Servio
473 518 635 555 propere
662 505 785 542 accito
813 518 901 542 cum
930 519 1051 555 paene
1079 518 1316 554 exsanguem
1341 505 1467 542 virum

149 569 389 614 ostendisset,
410 567 590 604 dextram
609 571 748 604 tenens
765 572 867 613 orat,
887 580 937 604 ne
962 567 1133 604 inultam
1154 571 1319 603 mortem
1338 567 1469 612 soceri,

149 644 199 668 ne
217 643 368 667 socrum
388 630 555 666 inimicis
570 629 736 665 ludibrio
755 641 835 665 esse
855 630 972 666 sinat.
1031 631 1053 648 “
1066 629 1192 665 Tuum
1213 628 1306 675 est,''
1326 628 1468 677 inquit,

150 695 172 712 “
189 692 310 738 Servi,
337 692 370 728 si
399 692 459 727 vir
486 703 537 737 es,
558 703 737 738 regnum,
758 703 837 727 non
856 703 1002 737 eorum,
1028 690 1096 739 qui
1124 690 1262 727 alienis
1288 690 1471 727 manibus

150 754 357 802 pessimum
384 752 538 789 facinus
565 751 701 788 fecere.
760 751 879 799 Erige
907 755 947 787 te
974 750 1140 799 deosque
1163 750 1277 787 duces
1299 762 1470 799 sequere,

149 815 217 864 qui
235 814 385 852 clarum
412 814 484 850 hoc
511 812 595 849 fore
621 817 741 861 caput
770 812 902 849 divino
920 812 1118 861 quondam
1138 812 1372 849 circumfuso
1390 811 1471 861 igni

149 875 446 926 portenderunt.
502 874 622 911 Nunc
640 879 680 910 te
707 873 775 910 illa
803 873 978 910 caelestis
1005 874 1149 910 excitet
1176 874 1347 919 flamma,
1367 885 1472 909 1111110

150 937 413 987 expergiscere
433 949 534 973 vere.
592 935 647 972 Et
676 948 744 972 nos
772 935 967 985 peregrini
996 936 1256 984 regnavimus.
1314 935 1390 980 Qui
1408 935 1470 980 sis,

150 1012 229 1036 non
253 998 358 1035 unde
377 1002 495 1034 natus
518 997 580 1042 sis,
610 1001 764 1045 reputa.
821 997 860 1033 Si
887 1001 958 1033 tua
986 1009 1028 1032 re
1056 997 1189 1033 subita
1217 997 1376 1033 consilia
1395 1000 1471 1033 tor-

150 1064 257 1110 pent,
278 1064 322 1096 at
341 1064 386 1095 tu
406 1071 494 1094 mea
513 1057 674 1095 consilia
686 1058 880 1107 sequere.'’
936 1058 1036 1094 Cum
1056 1058 1202 1095 clamor
1228 1058 1474 1107 impetusque
1490 1078 1510 1110 4

151 1119 419 1158 multitudinis
447 1120 512 1156 vix
532 1119 719 1156 sustineri
737 1123 876 1168 posset,
897 1131 946 1156 ex
970 1119 1167 1168 superiore
1185 1123 1299 1168 parte
1317 1119 1472 1156 aedium

151 1195 220 1232 per
238 1181 433 1218 fenestras
453 1181 493 1217 in
513 1193 655 1216 novam
672 1180 776 1216 viam
797 1180 1196 1217 versus—habitabat
1214 1180 1319 1217 enim
1338 1193 1406 1217 rex
1425 1180 1473 1216 ad

152 1245 257 1281 Iovis
277 1242 686 1291 Statoris—populum
717 1242 910 1290 Tanaquil
937 1242 1174 1290 adloquitur.
1232 1243 1349 1278 Iubet
1374 1243 1474 1279 bono
1493 1263 1512 1300 5

151 1306 282 1343 animo
301 1317 381 1341 esse
399 1318 407 1342 :
436 1304 608 1352 sopitum
636 1302 756 1340 fuisse
783 1315 914 1352 regem
935 1303 1064 1339 subito
1082 1303 1176 1349 ictu,
1196 1302 1348 1339 ferrum
1367 1302 1474 1339 haud

152 1367 232 1405 alte
250 1366 292 1403 ’m
311 1378 449 1415 corpus
469 1364 720 1411 descendisse,
741 1365 819 1400 iam
839 1364 888 1400 ad
907 1376 947 1401 se
967 1364 1109 1401 redisse
1123 1377 1134 1411 ;
1153 1364 1372 1413 inspectum
1391 1364 1474 1401 vul-

152 1441 227 1465 nus
254 1428 407 1464 abterso
434 1439 582 1473 cruore,
618 1427 749 1463 omnia
777 1426 950 1463 salubria
978 1439 1070 1463 esse.
1126 1426 1329 1463 Oonfidere
1356 1438 1474 1475 prope

153 1490 254 1527 diem
273 1489 401 1538 ipsum
421 1500 484 1524 eos
506 1488 657 1525 visuros
668 1502 678 1534 3
708 1488 866 1524 interim
898 1487 1031 1524 Servio
1059 1487 1186 1523 Tullio
1205 1488 1338 1524 iubere
1357 1500 1474 1537 popu-

152 1553 234 1588 lum
254 1551 357 1587 dicto
375 1550 601 1586 audientem
631 1563 722 1595 esse,
744 1562 833 1586 eum
864 1549 953 1585 iura
981 1549 1227 1585 redditurum
1259 1549 1474 1585 obiturum-

152 1625 228 1662 que
247 1612 326 1648 alia
345 1611 448 1660 regis
467 1610 603 1647 munia
629 1623 720 1647 esse.
779 1609 936 1647 Servius
955 1623 1044 1646 cum
1059 1610 1198 1646 trabea
1218 1614 1258 1646 et
1276 1609 1476 1646 lictoribus
1494 1623 1515 1657 6

154 1673 296 1723 prodit,
313 1685 357 1709 ac
372 1672 460 1709 sede
475 1673 582 1720 regia
598 1671 734 1708 sedens
746 1671 825 1708 alia
845 1670 1030 1717 decernit,
1043 1670 1090 1707 de
1105 1670 1190 1707 aliis
1205 1670 1475 1706 consulturum

153 1747 194 1772 se
217 1746 348 1783 regem
375 1745 456 1770 esse
483 1733 655 1769 simulat.
713 1733 858 1782 Itaque
887 1745 956 1781 per
983 1732 1132 1780 aliquot
1160 1732 1251 1777 dies,
1280 1744 1369 1767 cum
1398 1731 1476 1767 iam

154 1796 387 1845 exspirasset
415 1794 665 1843 Tarquinius,
703 1794 831 1830 celata
867 1799 992 1830 morte
1029 1806 1098 1843 per
1133 1792 1296 1842 speciem
1327 1793 1477 1829 alienae

154 1857 375 1907 fungendae
390 1856 485 1893 vicis
503 1869 593 1892 suas
611 1868 701 1905 opes
717 1856 902 1892 firmavit.
960 1856 1060 1891 Tum
1073 1855 1230 1891 demum
1250 1854 1381 1904 palam
1401 1853 1476 1890 fac-

154 1923 242 1956 tum
256 1922 314 1955 est
329 1917 618 1966 conploratione
630 1918 673 1954 in
691 1918 800 1965 regia
820 1921 919 1954 orta.
979 1916 1137 1953 Servius
1155 1915 1347 1965 praesidio
1365 1916 1478 1951 firmo

155 1979 333 2017 munitus
353 1979 502 2027 primus
529 1978 681 2014 iniussu
709 1978 843 2027 populi
872 1977 1078 2014 voluntate
1096 1980 1256 2026 patrum
1285 1975 1474 2025 regnavit.

156 2041 258 2077 Anci
275 2040 388 2076 liberi
416 2040 494 2075 iam
522 2042 609 2075 tum
638 2039 861 2088 conprensis
889 2038 1042 2075 sceleris
1061 2038 1264 2083 ministris,
1284 2042 1331 2074 ut
1349 2037 1480 2073 vivere
1499 2055 1517 2091 7

157 2114 285 2151 regem
317 2105 357 2138 et
386 2104 522 2137 tantas
553 2113 633 2137 esse
662 2113 752 2149 opes
784 2099 894 2137 Servi
928 2100 1158 2136 nuntiatum
1194 2104 1266 2146 est,
1299 2098 1479 2136 Suessam

157 2162 376 2200 Pometiam
396 2161 600 2198 exulatum
619 2161 760 2198 ierant.

1490 524 1506 546 ld

1489 643 1508 677 (lv)

209 2285 346 2323 XLII.
376 2284 459 2321 Nec
488 2285 567 2320 iam
595 2283 758 2332 publicis
791 2283 917 2332 magis
947 2283 1116 2319 consiliis
1160 2282 1320 2319 Servius
1357 2293 1475 2330 quam
1503 2302 1517 2326 1
