1674 2506
643 171 777 199 anPs.
810 161 871 207 48,
903 160 963 198 49.
1411 159 1455 197 71

142 267 187 300 ut
205 263 248 300 in
267 263 402 300 collem
422 263 704 312 Esquiliarium
724 263 966 309 eveheretur,
987 263 1135 300 restitit
1155 263 1320 312 pavidus
1342 266 1462 312 atque

142 325 316 361 inhibuit
335 325 465 362 frenos
484 325 516 361 is
535 325 601 373 qui
621 325 799 361 iumenta
819 325 974 373 agebat,
995 324 1263 374 iacentemque
1283 324 1462 361 dominae

143 386 320 423 Servium
340 386 582 422 trucidatum
603 385 784 423 ostendit.
834 386 1004 422 Foedum
1016 385 1357 434 inhumanumque
1372 385 1462 422 inde
1483 393 1502 430 7

143 447 317 484 traditur
344 448 466 484 scelus
485 451 815 496 monumentoque
837 447 943 484 locus
961 450 1042 484 est:
1073 447 1313 483 Sceleratum
1333 447 1462 483 vicum

142 512 296 554 vocant,
316 521 392 558 quo
420 521 555 545 amens
582 509 828 557 agitantibus
856 507 970 544 furiis
998 509 1138 545 sororis
1166 521 1211 545 ac
1230 508 1307 545 viri
1334 508 1463 544 Tullia

141 582 210 619 per
235 570 358 619 patris
385 582 524 618 corpus
551 574 782 619 carpentum
806 571 927 618 egisse
954 569 1095 616 fertur,
1116 574 1347 618 partemque
1374 582 1462 606 san-

141 630 270 679 guinis
292 643 338 667 ac
356 631 481 667 caedis
500 635 690 679 paternae
710 635 871 666 cruento
890 630 1067 667 vehiculo
1085 631 1357 668 contaminata
1376 630 1463 679 ipsa

141 705 392 741 respersaque
419 692 555 729 tulisse
579 692 628 728 ad
648 695 808 741 penates
837 704 925 728 suos
946 693 1096 741 virique
1124 692 1196 738 sui,
1217 693 1360 741 quibus
1387 693 1462 728 ira-

141 754 193 790 tis
222 754 326 790 malo
355 754 466 802 regni
498 754 689 802 principio
721 753 865 790 similes
898 766 1016 802 prope
1047 753 1147 789 diem
1176 755 1305 790 exitus
1333 766 1463 803 seque-

141 815 506 851 rentur.—Servius
535 814 686 851 Tullius
715 815 899 863 regnavit
931 827 1054 851 annos
1088 814 1183 850 IIII
1214 819 1254 851 et
1284 815 1362 852 XL
1392 816 1462 862 ita,
1481 817 1504 853 8

140 879 187 912 ut
214 876 314 912 bono
341 877 461 912 etiam
489 876 766 925 moderatoque
793 876 1013 913 succedenti
1042 876 1123 925 regi
1151 876 1314 913 difficilis
1334 890 1463 914 aemu-

140 937 238 973 latio
265 942 375 974 esset.
433 937 615 973 Ceterum
643 937 682 973 id
710 950 862 986 quoque
889 937 939 973 ad
968 937 1131 986 gloriam
1161 938 1331 984 accessit,
1360 938 1463 987 quod

140 1011 229 1035 cum
244 998 310 1034 illo
329 998 443 1034 simul
458 998 562 1034 iusta
581 1010 627 1034 ac
646 998 822 1047 legitima
841 1011 965 1047 regna
984 998 1219 1035 occiderunt.
1268 998 1316 1035 Id
1334 999 1462 1047 ipsum
1482 1006 1503 1039 9

142 1062 222 1095 tam
251 1059 347 1095 mite
376 1072 420 1095 ac
447 1062 529 1095 tam
558 1059 804 1095 moderatum
832 1059 1040 1108 imperium
1069 1063 1212 1106 tamen,
1233 1060 1326 1109 quia
1346 1061 1464 1097 unius

141 1125 252 1167 esset,
273 1121 461 1170 deponere
480 1133 569 1156 eum
588 1120 630 1157 in
642 1120 772 1156 animo
790 1119 971 1157 habuisse
987 1120 1147 1169 quidam
1163 1125 1340 1157 auctores
1356 1125 1461 1168 sunt,

140 1182 182 1218 ni
218 1182 342 1219 scelus
377 1181 611 1218 intestinum
648 1181 875 1218 liberandae
906 1182 1059 1230 patriae
1091 1183 1252 1218 consilia
1289 1183 1463 1231 agitanti

139 1245 427 1281 intervenisset.

192 1367 347 1405 XLIX.
378 1367 478 1404 Inde
498 1367 541 1403 L.
562 1367 800 1415 Tarquinius
827 1379 992 1416 regnare
1019 1367 1176 1416 occepit,
1197 1367 1259 1404 cui
1289 1367 1463 1416 Superbo
1486 1381 1499 1403 1

140 1441 350 1478 cognomen
381 1428 486 1465 facta
514 1428 754 1473 indiderunt,
783 1428 877 1478 quia
905 1441 1077 1465 socerum
1109 1441 1228 1477 gener
1260 1429 1464 1478 sepultura

139 1489 351 1538 prohibuit,
379 1489 591 1525 Romulum
621 1501 775 1538 quoque
804 1489 1046 1537 insepultum
1079 1490 1222 1538 perisse
1253 1489 1462 1536 dictitans3

140 1551 404 1599 primoresque
441 1555 612 1600 patrum,
651 1563 747 1599 quos
786 1550 897 1587 Servi
933 1550 1049 1587 rebus
1086 1550 1229 1587 favisse
1266 1550 1461 1596 credebat,
1484 1567 1499 1590 2

139 1611 337 1648 interfecit
350 1625 361 1658 ;
390 1612 562 1648 conscius
582 1611 720 1647 deinde
739 1611 841 1647 male
861 1611 1072 1660 quaerendi
1100 1612 1212 1660 regni
1241 1611 1292 1648 ab
1311 1624 1350 1648 se
1380 1612 1462 1661 ipso

139 1673 324 1710 adversus
351 1685 390 1709 se
418 1673 638 1721 exemplum
666 1673 753 1721 capi
782 1685 901 1722 posse,
937 1674 1103 1709 armatis
1134 1686 1274 1721 corpus
1302 1674 1464 1710 circum-

139 1734 295 1783 saepsit.
350 1733 489 1782 Neque
517 1726 622 1770 enini
651 1731 701 1770 ad
727 1734 789 1770 ius
820 1734 933 1782 regni
963 1734 1169 1783 quicquam
1198 1738 1355 1783 praeter
1382 1735 1462 1771 vim
1482 1744 1503 1779 3

139 1794 323 1839 habebat,
337 1797 383 1830 ut
401 1794 468 1842 qui
487 1806 612 1843 neque
626 1795 759 1843 populi
777 1795 883 1831 iussu
899 1807 1025 1844 neque
1044 1795 1269 1832 auctoribus
1284 1795 1463 1844 patribus

139 1858 334 1904 regnaret.
408 1855 466 1892 Eo
498 1856 708 1893 accedebat
737 1859 784 1892 ut
812 1856 855 1892 in
882 1857 1049 1893 caritate
1081 1856 1225 1892 civium
1253 1856 1352 1892 nihil
1382 1856 1504 1905 spei4

139 1916 344 1965 reponenti
363 1919 469 1952 metu
490 1929 654 1966 regnum
675 1917 891 1970 tutandum'
910 1922 1019 1954 esset.
1040 1921 1061 1944 s
1075 1918 1200 1962 Quem
1220 1922 1265 1953 ut
1284 1918 1464 1966 pluribus

139 1978 346 2023 incuteret,
367 1978 606 2031 cognitiones
629 1978 858 2027 capitalium
878 1972 1011 2015 rerum
1038 1979 1121 2015 sine
1141 1979 1309 2015 consiliis
1328 1991 1397 2028 per
1423 1991 1463 2015 se

140 2038 243 2075 solus
275 2039 492 2085 exercebat,
525 2051 672 2088 perque
704 2052 791 2076 eam
825 2053 985 2076 causam
1016 2040 1197 2086 occidere,
1228 2041 1271 2076 in
1303 2041 1461 2076 exilium
1483 2052 1502 2090 5

141 2111 268 2148 agere,
281 2099 392 2136 bonis
410 2100 580 2137 multare
599 2104 757 2150 poterat
778 2114 856 2137 non
876 2105 1073 2150 suspectos
1087 2101 1199 2138 modo
1214 2106 1285 2138 aut
1304 2102 1460 2147 invisos,

141 2160 205 2197 sed
218 2160 319 2197 unde
335 2160 433 2197 nihil
447 2161 555 2198 aliud
568 2174 686 2210 quam
702 2162 887 2211 praedam
901 2175 1056 2212 sperare
1069 2166 1208 2212 posset.
1249 2163 1463 2212 Praecipue
1482 2167 1502 2201 6

141 2221 198 2257 ita
215 2226 374 2270 patrum
395 2234 557 2259 numero
576 2222 772 2260 inminuto
801 2224 944 2260 statuit
963 2224 1091 2261 nullos
1109 2224 1151 2261 in
1172 2229 1304 2273 patres
1323 2225 1461 2274 legere,

141 2294 218 2330 quo
237 2283 496 2331 contemptior
516 2284 713 2332 paucitate
732 2284 817 2333 ipsa
847 2284 939 2320 ordo
958 2289 1068 2330 esset,
1091 2285 1298 2334 minusque
1327 2298 1396 2334 per
1423 2298 1462 2322 Se
