1674 2506
673 158 809 184 anPs.
841 148 903 193 45,
934 147 995 184 46.
1442 148 1489 185 67

171 249 268 286 mire
287 249 445 286 Servius
472 249 578 285 inter
596 260 771 298 proceres
797 248 1045 296 Latinorum,
1065 261 1154 285 cum
1172 248 1315 298 quibus
1340 249 1492 298 publice

169 311 434 360 privatimque
462 309 632 359 hospitia
667 310 937 358 amicitiasque
973 310 1021 347 de
1057 309 1256 347 industria
1292 310 1488 347 iunxerat.

169 372 293 421 Saepe
319 371 499 409 iterando
526 371 661 408 eadem
689 371 862 421 perpulit
890 371 1064 417 tandem,
1095 374 1141 407 ut
1170 371 1321 407 Romae
1349 370 1489 407 fanum

169 433 323 469 Dianae
354 432 488 482 populi
519 432 654 469 Latini
686 445 775 469 cum
804 433 946 481 populo
975 432 1156 468 Romano
1185 431 1375 468 facerent.
1433 432 1492 468 Ea
1511 443 1531 478 3

168 497 255 530 erat
285 493 474 531 confessio
506 498 625 542 caput
657 505 789 530 rerum
823 493 992 529 Romam
1025 504 1117 538 esse,
1151 492 1198 529 de
1232 505 1308 541 quo
1344 492 1491 529 totiens

168 554 289 592 armis
306 558 503 592 certatum
523 555 665 591 fuerat.

221 615 269 652 Id
287 628 531 664 quamquam
555 616 740 652 omissum
760 616 840 652 iam
868 627 915 651 ex
941 615 1117 651 omnium
1137 627 1231 651 cura
1257 615 1490 651 Latinorum

167 677 215 713 ob
242 689 326 713 rem
353 677 498 713 totiens
516 676 727 713 infeliciter
754 679 995 725 temptatam
1024 676 1145 712 armis
1172 675 1391 721 videbatur,
1421 675 1491 711 uni

166 749 207 774 se
243 750 290 774 ex
329 737 483 774 Sabinis
515 737 595 773 fors
627 736 721 773 dare
759 737 841 773 visa
870 740 928 773 est
960 736 1114 785 privato
1147 736 1305 772 consilio
1336 735 1490 784 imperii

167 798 433 847 recuperandi.
491 798 567 834 Bos
597 798 640 834 in
673 797 828 834 Sabinis
861 801 958 833 nata
991 796 1145 833 cuidam
1175 797 1282 845 patri
1314 796 1490 833 familiae
1508 812 1527 845 4

166 858 309 895 dicitur
342 858 513 895 mirandi
540 857 815 907 magnitudine
845 871 890 894 ac
920 858 1052 906 specie.
1112 858 1210 893 Fixa
1240 870 1311 906 per
1343 857 1490 893 multas

165 924 317 957 aetates
349 933 495 957 cornua
526 920 569 956 in
599 920 792 956 vestibulo
824 919 962 968 templi
996 919 1153 955 Dianae
1185 923 1488 955 monumentum

165 982 201 1018 ei
227 981 337 1017 fuere
365 981 564 1018 miraculo.
623 981 789 1026 Habita,
819 984 865 1016 ut
893 984 991 1025 erat,
1020 992 1082 1016 res
1110 980 1275 1029 prodigii
1298 979 1378 1016 loco
1406 983 1487 1026 est;
1508 995 1526 1032 5

164 1046 205 1079 et
232 1042 403 1078 cecinere
435 1046 556 1087 vates,
586 1042 697 1078 cuius
726 1041 899 1078 civitatis
926 1053 1010 1077 eam
1039 1042 1140 1077 cives
1169 1041 1323 1077 Dianae
1351 1041 1486 1077 immo—

164 1102 322 1148 lassent,
356 1102 411 1138 ibi
443 1102 524 1139 fore
556 1102 765 1151 imperium
778 1115 789 1149 3
826 1102 942 1150 idque
979 1114 1137 1138 carmen
1170 1105 1404 1150 pervenerat
1437 1101 1487 1137 ad
1506 1104 1526 1138 6

164 1163 385 1199 antistitem
414 1163 498 1199 fani
527 1163 694 1209 Dianae,
725 1162 987 1211 Sabinusque,
1008 1166 1053 1198 ut
1081 1163 1253 1211 primum
1283 1165 1377 1210 apta
1405 1162 1485 1198 dies

163 1224 348 1261 sacrificio
372 1225 455 1261 visa
477 1229 547 1271 est,
568 1224 704 1260 bovem
732 1224 900 1260 Romam
929 1227 1057 1260 actam
1086 1223 1242 1259 deducit
1267 1222 1317 1259 ad
1346 1222 1485 1259 fanum

165 1285 320 1322 Dianae
344 1289 384 1322 et
408 1289 501 1322 ante
529 1298 639 1321 aram
664 1285 820 1321 statuit.
878 1285 942 1320 Ibi
968 1284 1133 1321 antistes
1162 1284 1377 1330 Romanus,
1396 1297 1482 1320 cum

163 1360 253 1383 eum
285 1347 515 1396 magnitudo
544 1346 726 1383 victimae
753 1346 948 1382 celebrata
977 1346 1082 1382 fama
1112 1346 1306 1390 movisset,
1336 1357 1484 1381 memor

163 1409 336 1457 responsi
374 1408 563 1444 Sabinum
601 1408 659 1443 ita
692 1407 944 1456 adloquitur:
995 1407 1228 1451 “Quidnam
1266 1410 1311 1442 tu
1346 1406 1483 1455 hospes

163 1469 336 1519 paras2”
363 1469 507 1517 inquit,
531 1469 714 1505 “inceste
733 1468 965 1505 sacrificium
986 1468 1141 1504 Dianae
1166 1468 1322 1504 facere?
1379 1468 1482 1512 Quin

163 1534 209 1567 tu
242 1534 337 1567 ante
368 1531 456 1567 vivo
490 1529 737 1579 perfunderis
768 1529 956 1566 flumine?
995 1530 1140 1566 Infima
1167 1529 1266 1565 valle
1299 1529 1483 1577 praefluit

163 1591 346 1628 Tiberis.'¹
402 1591 606 1639 Religione
631 1594 763 1627 tactus
789 1590 936 1639 hospeS,
964 1590 1032 1638 qui
1060 1590 1205 1634 omnia,
1235 1593 1280 1625 ut
1308 1589 1481 1637 prodigio
1503 1605 1521 1642 7

163 1652 414 1701 responderet
441 1655 617 1698 eventus,
636 1654 797 1699 cuperet
820 1651 896 1687 rite
921 1650 1041 1697 facta,
1062 1650 1255 1698 extemplo
1285 1650 1482 1686 descendit

163 1713 214 1749 ad
233 1713 414 1749 Tiberim.
463 1713 624 1748 Interea
645 1711 848 1748 Romanus
866 1711 1045 1748 immolat
1066 1711 1221 1747 Dianae
1236 1711 1383 1747 bovem.
1433 1711 1481 1747 Id

163 1774 259 1810 mire
277 1778 439 1823 gratum
458 1773 541 1822 regi
559 1777 679 1821 atque
698 1773 849 1809 civitati
870 1772 958 1809 fuit.

214 1898 367 1935 XLVI.
399 1898 556 1936 Servius
581 1911 820 1948 quamquam
847 1898 928 1934 iam
948 1911 1020 1934 usu
1046 1897 1153 1934 haud
1180 1897 1295 1934 dubie
1315 1908 1478 1945 regnum
1504 1914 1518 1937 1

161 1959 394 2009 possederat,
428 1963 572 2004 tamen,
605 1959 699 2007 quia
731 1958 931 1995 interdum
963 1958 1105 1994 iactari
1141 1970 1251 1994 voces
1283 1970 1307 1993 a
1340 1957 1478 1993 iuvene

161 2021 373 2068 Tarquinio
409 2020 597 2056 audiebat
633 2032 672 2056 se
709 2020 860 2056 iniussu
892 2019 1026 2068 populi
1057 2031 1233 2068 regnare,
1271 2018 1478 2055 conciliata

162 2081 269 2130 prius
289 2081 493 2117 voluntate
516 2081 638 2130 plebis
657 2093 752 2130 agro
779 2084 894 2129 capto
914 2092 963 2117 ex
981 2080 1158 2117 hostibus
1177 2080 1327 2116 viritim
1356 2079 1478 2116 diviso

160 2155 279 2179 ausus
297 2147 355 2178 est
375 2142 477 2178 ferre
497 2142 548 2178 ad
572 2142 772 2191 populum,
793 2142 939 2178 vellent
966 2141 1199 2178 iuberentne
1224 2154 1263 2178 se
1288 2151 1455 2190 regnare
1467 2152 1477 2185 5

160 2206 352 2250 tantoque
379 2215 579 2249 consensu,
599 2208 750 2251 quanto
780 2202 886 2238 haud
914 2203 1122 2251 quisquam
1151 2202 1253 2238 alius
1280 2206 1386 2248 ante,
1408 2212 1477 2236 rex

159 2267 219 2300 est
249 2262 479 2300 declaratus.
535 2262 677 2312 Neque
704 2275 750 2300 ea
783 2275 844 2299 res
871 2263 1085 2311 Tarquinio
1113 2275 1220 2312 spem
1253 2262 1480 2300 adfectandi
1498 2273 1515 2295 2
