1674 2506
178 113 226 153 56
775 127 866 153 mvv
895 127 920 154 1.

146 203 159 227 1
236 217 441 256 XXXIV.
470 220 584 257 Anco
613 194 808 269 regnante
839 220 1025 266 Lucumo,
1056 220 1117 256 vir
1148 219 1301 268 inpiger
1336 232 1381 256 ac
1409 218 1502 256 divi-

181 280 247 316 tiis
280 284 429 329 potens,
459 281 625 317 Romam
656 280 929 329 commigravit
961 280 1142 328 cupidine
1169 280 1337 316 maxime
1365 292 1410 316 ac
1437 292 1502 329 spe

180 341 312 390 magni
340 341 508 388 honoris,
529 342 639 379 cuius
664 342 903 391 adipiscendi
932 342 1304 391 Tarquiniis—nam
1329 341 1382 378 ibi
1411 353 1501 389 quo-

179 416 255 452 que
284 404 489 452 peregrina
521 404 643 452 stirpe
672 403 860 441 oriundus
897 403 1208 440 erat—facultas
1244 415 1324 439 non
1357 402 1499 440 fuerat.

140 464 158 486 ²
180 464 385 502 Demarati
406 465 599 502 Corinthii
628 465 732 501 filius
759 469 856 511 erat,
876 466 944 515 qui
972 465 1020 501 ob
1040 465 1247 501 seditiones
1275 464 1386 500 domo
1414 477 1500 513 pro-

178 523 295 572 fugus
315 537 402 561 cum
422 526 648 576 Tarquiniis
666 528 769 564 forte
787 528 1032 573 consedisset,
1054 540 1175 563 uxore
1194 527 1248 563 ibi
1269 527 1386 563 ducta
1406 527 1501 564 duos

178 585 276 621 filios
304 587 450 633 genuit.
509 588 683 625 Nomina
708 588 769 625 his
799 589 974 626 Lucumo
999 592 1119 637 atque
1139 589 1297 625 Arruns
1325 587 1499 625 fuerunt.

180 647 353 683 Lucumo
381 649 577 698 superfuit
614 651 718 699 patri
755 651 946 688 bonorum
980 651 1153 687 omnium
1187 650 1307 696 heres,
1341 650 1499 686 Arruns

129 710 149 746 3
177 707 282 757 prior
311 721 427 757 quam
456 715 570 759 pater
598 712 765 748 moritur
794 724 913 748 uxore
942 711 1101 760 gravida
1124 711 1273 747 relicta.
1330 710 1413 748 Nec
1432 710 1498 746 diu

177 773 310 806 manet
350 775 546 819 superstes
582 772 662 808 filio
698 776 839 821 pater;
887 772 956 821 qui
998 785 1086 808 cum
1130 771 1316 820 ignorans
1352 783 1497 807 nurum

176 833 353 866 ventrem
391 831 493 868 ferre
538 832 730 869 inmemor
775 833 816 870 in
854 833 1036 871 testando
1075 832 1227 881 nepotis
1264 832 1496 878 decessisset,

176 903 297 939 puero
321 896 407 940 post
427 893 488 928 avi
514 897 678 930 mortem
706 894 747 931 in
769 895 919 931 nullam
940 898 1084 931 sortem
1114 894 1306 930 bonorum
1326 898 1421 930 nato
1448 893 1498 929 ab

127 955 149 988 4
178 952 306 1001 inopia
333 952 476 1001 Egerio
504 955 675 991 inditum
705 968 856 992 nomen.
916 956 1132 992 Lucumoni
1160 959 1297 991 contra
1322 955 1497 991 omnium

176 1012 307 1049 heredi
338 1014 528 1051 bonorum
557 1028 645 1051 cum
680 1016 839 1052 divitiae
875 1017 955 1052 iam
988 1017 1139 1052 animos
1170 1016 1356 1062 facerent,
1386 1016 1497 1052 auxit

174 1074 292 1110 ducta
319 1075 361 1111 in
381 1076 675 1112 matrimonium
704 1077 893 1127 Tanaquil
922 1090 1073 1113 summo
1101 1078 1182 1113 loco
1202 1081 1308 1123 nata,
1329 1081 1369 1114 et
1395 1089 1496 1126 quae

175 1135 279 1171 haud
307 1135 422 1172 facile
451 1137 520 1183 his,
542 1137 584 1173 in
613 1138 755 1186 quibus
783 1144 879 1175 nata
906 1142 1005 1184 erat,
1030 1138 1239 1174 humiliora
1266 1138 1412 1174 sineret
1439 1150 1493 1183 ea,

125 1195 145 1231 5
174 1209 252 1245 quo
280 1197 533 1246 innupsisset.
593 1199 879 1248 Spernentibus
902 1199 1080 1236 Etruscis
1100 1201 1363 1236 Lucumonem
1384 1200 1496 1235 exule

175 1258 323 1295 advena
361 1263 505 1305 ortum,
544 1259 649 1297 ferre
686 1260 965 1310 indignitatem
1004 1274 1081 1298 non
1119 1261 1261 1310 potuit,
1299 1260 1496 1309 oblitaque

174 1319 374 1368 ingenitae
394 1332 486 1368 erga
501 1320 673 1369 patriam
686 1321 872 1368 caritatis,
886 1322 1095 1358 dummodo
1111 1322 1239 1358 virum
1260 1321 1491 1357 honoratum

127 1380 148 1414 6
175 1381 335 1427 videret,
374 1382 576 1418 consilium
615 1382 813 1431 migrandi
849 1384 899 1420 ab
936 1383 1160 1432 Tarquiniis
1197 1383 1309 1432 cepit.
1367 1383 1493 1419 Roma

174 1446 233 1479 est
266 1442 315 1479 ad
353 1443 393 1480 id
425 1443 670 1492 potissimum
708 1444 818 1482 visa:
856 1445 898 1481 in
935 1458 1035 1481 novo
1073 1445 1225 1494 populo,
1265 1444 1333 1480 ubi
1369 1444 1494 1481 omnis

173 1504 379 1553 repentina
413 1508 531 1553 atque
567 1518 614 1542 ex
652 1506 800 1543 virtute
832 1506 1016 1543 nobilitas
1052 1507 1114 1551 sit,
1147 1506 1329 1542 futurum
1366 1506 1493 1542 locum

174 1566 268 1603 forti
287 1579 331 1602 ac
351 1570 511 1603 strenuo
530 1567 614 1603 viro
629 1581 639 1614 3
663 1580 845 1616 regnasse
863 1568 1021 1604 Tatium
1042 1568 1243 1610 Sabinum,
1264 1568 1491 1604 arcessitum

173 1628 215 1664 in
252 1641 417 1677 regnum
454 1628 632 1665 Numam
664 1642 687 1665 a
722 1630 903 1676 Curibus,
933 1634 972 1666 et
1001 1631 1156 1666 Ancum
1191 1629 1337 1666 Sabina
1365 1633 1493 1666 matre

130 1691 148 1727 7
172 1693 303 1726 ortum
332 1690 580 1738 nobilemque
612 1703 691 1726 una
723 1690 893 1740 imagine
920 1691 1076 1727 Numae
1104 1703 1195 1728 esse.
1254 1690 1381 1726 Facile
1410 1703 1489 1739 per-

172 1751 310 1787 suadet
330 1755 375 1787 ut
394 1751 533 1799 cupido
553 1751 756 1799 honorum,
773 1756 812 1789 et
831 1752 894 1789 cui
912 1753 1117 1801 Tarquinii
1134 1756 1315 1789 materna
1332 1754 1490 1788 tantum

171 1812 299 1860 patria
318 1815 429 1848 esset.

117 1879 139 1914 8
227 1873 401 1910 Sublatis
420 1873 554 1922 itaque
573 1874 689 1911 rebus
709 1874 910 1923 amigrant
939 1875 1115 1912 Romam.
1173 1874 1239 1911 Ad
1267 1875 1487 1912 Ianiculum

171 1935 273 1971 forte
309 1938 472 1971 ventum
510 1939 604 1972 erat.
667 1935 729 1971 Ibi
766 1935 800 1972 ei
837 1940 1025 1984 carpento
1061 1936 1210 1972 sedenti
1246 1949 1334 1972 cum
1371 1948 1490 1972 uxore

171 1995 304 2044 aquila
340 1996 535 2044 suspensis
571 1996 736 2033 demissa
772 1997 912 2033 leniter
949 1997 1022 2034 alis
1058 1997 1217 2046 pilleum
1255 1997 1399 2044 aufert,
1429 2010 1488 2034 su-

172 2068 315 2106 perque
346 2060 579 2105 carpentum
612 2070 700 2093 cum
737 2070 881 2107 magno
918 2058 1098 2106 clangore
1136 2058 1305 2095 volitans
1341 2071 1486 2105 rursus,

171 2118 280 2154 velut
312 2117 529 2154 ministerio
555 2118 744 2155 divinitus
776 2119 906 2164 missa,
936 2120 1055 2168 capiti
1083 2123 1175 2168 apte
1202 2121 1367 2168 reponit,
1397 2120 1488 2157 inde

120 2182 139 2216 9
170 2178 347 2216 sublimis
374 2178 466 2216 abit.
522 2179 726 2227 Accepisse
752 2180 792 2216 id
822 2180 1031 2228 augurium
1062 2180 1164 2217 laeta
1193 2180 1335 2217 dicitur
1362 2181 1487 2218 Tana-

170 2240 263 2290 quil,
311 2239 448 2288 perita,
488 2242 535 2276 ut
575 2240 692 2288 vulgo
739 2241 907 2286 Etrusci,
954 2241 1177 2278 caelestium
1224 2242 1485 2291 prodigiorum
