1674 2506
178 108 226 142 50
772 118 862 142 LIVY
892 117 917 142 1.

180 209 344 246 vinculis
373 209 562 254 membra,
583 211 802 257 portantes,
823 212 1003 244 avertere
1025 220 1159 244 omnes
1179 208 1230 244 ab
1247 210 1366 244 tanta
1384 206 1499 243 foedi-

180 273 265 306 tate
277 269 487 319 spectaculi
502 269 639 306 oculos.
688 268 866 304 Primum
880 268 1142 317 ultimumque
1158 268 1255 305 illud
1266 268 1498 318 supplicium

180 331 286 380 apud
315 331 514 367 Romanos
533 329 700 378 exempli
719 342 861 377 parum
882 330 1062 365 memoris
1081 329 1212 378 legum
1231 329 1499 365 humanarum

180 391 270 428 fuit.
328 391 379 427 In
399 391 487 427 aliis
504 390 665 439 gloriari
684 389 788 435 licet,
808 389 909 425 nulli
920 391 1097 439 gentium
1118 391 1291 427 mitiores
1310 390 1500 439 placuisse

181 465 336 501 poenas.

116 321 157 344 11

233 541 396 578 XXIX.
426 541 541 577 Inter
560 540 656 576 haec
683 540 763 575 iam
793 539 996 588 praemissi
1027 540 1174 576 Albani
1193 543 1310 576 erant
1336 539 1499 588 equites,

144 606 158 629 1
180 604 247 652 qui
285 602 582 638 multitudinem
619 600 876 637 traducerent
904 601 1085 637 Romam.
1145 601 1333 650 Legiones
1361 600 1499 638 deinde

180 665 321 701 ductae
341 664 391 700 ad
410 663 639 700 diruendam
668 663 815 699 urbem.
886 663 998 706 Quae
1025 663 1093 699 ubi
1121 663 1324 699 intravere
1352 665 1498 711 portem,

142 725 159 748 2
180 738 259 761 non
279 725 435 773 quidem
464 724 542 760 fuit-
569 724 767 760 tumultus
785 723 850 759 ille
873 735 943 759 nec
971 736 1105 772 pavor,
1136 723 1261 772 qualis
1288 727 1497 772 captarum

181 799 260 823 esse
279 787 438 822 urbium
457 786 565 832 solet,
586 798 674 821 cum
694 785 864 821 effractis
884 785 1007 834 portis
1026 786 1213 822 stratisve
1233 785 1357 822 ariete
1376 785 1500 821 muris

181 851 252 883 aut
271 860 360 884 arce
377 848 415 883 vi
434 851 552 896 capta
572 847 718 883 clamor
738 846 889 882 hostilis
908 850 948 882 et
968 859 1103 883 cursus
1122 859 1191 895 per
1211 847 1348 882 urbem
1369 859 1498 883 arma-

180 912 311 944 torum
340 908 471 944 omnia
492 907 597 943 ferro
625 907 864 955 flammaque
893 907 1040 954 miscet,
1062 908 1128 944 sed
1157 908 1357 944 silentium
1387 907 1501 945 triste

142 967 162 1001 3
181 982 226 1005 ac
262 969 387 1005 tacita
420 968 620 1004 maestitia
652 968 709 1004 ita
747 968 880 1004 defixit
918 967 1094 1004 omnium
1131 969 1294 1015 animos,
1324 972 1371 1005 ut
1406 981 1502 1018 prae

181 1035 289 1067 metu
308 1030 430 1075 obliti,
452 1030 545 1078 quid
564 1030 843 1079 relinquerent,
860 1030 953 1078 quid
972 1042 1101 1066 secum
1121 1030 1283 1077 ferrent,
1299 1030 1502 1067 deficiente

180 1092 338 1128 consilio
365 1092 663 1141 rogitantesque
682 1091 749 1127 alii
777 1091 873 1127 alios
900 1104 1006 1128 nunc
1033 1092 1076 1128 in
1103 1091 1306 1128 liminibus
1333 1095 1499 1145 starent,

181 1166 286 1190 nunc
305 1152 519 1190 errabundi
544 1153 676 1189 domos
705 1165 796 1189 suas
824 1152 1010 1189 ultimum
1039 1152 1138 1189 illud
1166 1153 1288 1190 visuri
1313 1165 1500 1202 pervaga-

181 1215 344 1251 rentur!
389 1214 450 1251 Ut
486 1226 577 1250 vero
614 1214 695 1250 iam
732 1213 908 1262 equitum
946 1214 1093 1251 clamor
1129 1214 1235 1251 exire
1279 1214 1500 1251 iubentium

141 1277 164 1310 4
182 1275 370 1322 instabat,
408 1275 488 1311 iam
526 1274 662 1323 fragor
698 1278 891 1311 tectorum
929 1287 1031 1323 quae
1057 1275 1319 1312 diruebantur
1351 1275 1501 1312 ultimis

181 1336 289 1373 urbis
324 1336 506 1385 partibus
536 1335 784 1378 audiebatur,
818 1335 1023 1383 pulvisque
1061 1348 1109 1372 ex
1141 1335 1380 1372 distantibus
1410 1335 1501 1373 locis

181 1401 292 1435 ortus
312 1398 419 1434 velut
437 1397 542 1434 nube
570 1397 733 1433 inducta
761 1398 893 1433 omnia
920 1397 1164 1446 impleverat,
1184 1398 1332 1447 raptim
1360 1398 1502 1446 quibus

182 1459 344 1508 quisque
375 1462 532 1508 poterat
560 1458 686 1504 elatis,
707 1470 796 1494 cum
824 1458 947 1494 larem
976 1471 1019 1494 ac
1047 1463 1210 1507 penates
1238 1462 1430 1507 tectaque,
1459 1459 1501 1495 in

182 1521 323 1570 quibus
341 1524 462 1557 natus
477 1521 640 1569 quisque
651 1520 918 1569 educatusque
931 1524 1042 1566 esset,
1055 1521 1323 1569 relinquentes
1334 1520 1500 1567 exirent,

182 1583 261 1619 iam
280 1581 485 1618 continens
503 1594 647 1631 agmen
667 1582 928 1630 migrantium
943 1582 1176 1630 impleverat
1188 1582 1284 1619 vias.
1340 1582 1393 1619 Et
1412 1594 1500 1618 con-

143 1646 161 1683 5
181 1647 335 1693 spectus
371 1643 538 1679 aliorum
576 1647 716 1679 mutua
754 1643 1006 1680 miseratione
1039 1643 1266 1692 integrabat
1298 1644 1479 1680 lacrimas
1491 1657 1501 1690 3

183 1716 368 1753 vocesque
400 1705 522 1741 etiam
548 1704 789 1741 miserabiles
821 1704 1134 1741 exaudiebantur
1156 1705 1366 1741 mulierum
1395 1718 1502 1754 prae-

182 1765 303 1814 cipue,
324 1777 412 1801 cum
432 1765 583 1801 obsessa
603 1766 655 1801 ab
683 1766 847 1801 armatis
874 1765 1023 1813 templa
1041 1769 1212 1813 augusta
1240 1767 1502 1814 praeterirent

183 1839 228 1862 ac
247 1826 356 1862 velut
374 1831 507 1874 captos
527 1825 794 1874 relinquerent
820 1826 918 1862 deos.
977 1825 1153 1874 Egressis
1178 1826 1314 1862 urbem
1333 1826 1503 1863 Albanis

142 1882 164 1918 6
183 1886 388 1922 Romanus
417 1886 561 1935 passim
582 1887 736 1934 publica
763 1886 1000 1934 privataque
1019 1886 1152 1922 omnia
1171 1890 1276 1922 tecta
1304 1886 1502 1935 adaequat

183 1948 272 1993 solo,
303 1960 460 1997 unaque
485 1948 580 1984 hora
608 1947 989 1995 quadringentorum
1017 1960 1212 1983 annorum
1232 1960 1339 1996 opus,
1360 1948 1502 1996 quibus

183 2009 288 2044 Alba
303 2012 481 2053 steterat,
496 2008 642 2045 excidio
657 2021 701 2044 ac
720 2007 845 2043 ruinis
863 2007 970 2044 dedit
984 2021 991 2044 ε
1013 2008 1169 2057 templis
1183 2012 1318 2045 tamen
1332 2008 1502 2045 deum—

184 2069 242 2106 ita
261 2069 365 2105 enim
385 2070 555 2105 edictum
574 2069 623 2104 ab
643 2080 733 2116 rege
745 2068 1199 2117 fuerat—temperatum
1219 2073 1287 2106 est.

238 2163 375 2199 XXX.
407 2163 534 2199 Roma
562 2161 721 2197 interim
759 2162 894 2197 crescit
932 2162 1060 2198 Albae
1097 2162 1245 2200 ruinis:
1276 2163 1501 2212 duplicatur

148 2229 163 2253 1
184 2227 327 2264 civium
364 2238 571 2269 nume1·us;
601 2225 756 2262 Caelius
790 2225 949 2261 additur
979 2226 1066 2261 urbi
1094 2239 1216 2272 mons,
1245 2230 1286 2263 et
1313 2240 1388 2276 quo
1425 2227 1498 2263 fre-
