1674 2506
691 156 807 181 CHAP.
840 144 900 181 24.
1408 143 1457 178 43

141 252 308 298 utroque
352 249 524 286 trahunt
538 261 549 296 3
595 249 726 298 plures
765 251 902 284 tamen
940 247 1110 293 invenio,
1148 246 1217 295 qui
1262 245 1462 283 Romanos

142 311 332 348 Horatios
362 314 523 354 vocent3
561 310 630 347 hos
666 313 713 346 ut
749 322 900 359 sequar,
934 308 1102 345 inclinat
1137 307 1305 344 animus.
1362 307 1461 344 Cum
1482 314 1500 337 2

139 372 360 421 trigeminis
384 375 511 421 agunt
538 384 660 421 reges,
680 375 727 407 ut
749 384 819 420 pro
838 383 910 407 sua
929 371 1094 419 quisque
1122 369 1254 418 patria
1277 368 1462 405 dimicent

140 433 270 470 ferro:
303 433 356 470 ibi
388 433 595 482 imperium
625 432 720 478 fore,
749 431 854 468 unde
884 430 1049 467 victoria
1077 429 1209 467 fuerit.
1266 429 1377 466 Nihil
1405 441 1463 465 re-

140 497 312 531 cusatur.
369 494 536 543 Tempus
555 497 595 530 et
613 493 718 530 locus
736 492 930 530 convenit.
979 491 1215 540 Priusquam
1230 490 1463 527 dimicarent
1482 499 1502 533 3

141 554 274 592 foedus
292 555 415 591 ictum
434 555 541 592 inter
561 555 760 591 Romanos
778 557 819 590 et
846 553 1024 589 Albanos
1043 555 1103 589 est
1131 551 1192 588 his
1220 551 1382 601 legibus,
1404 553 1461 597 ut,

140 615 251 652 cuius
278 615 410 665 populi
438 615 540 652 cives
568 628 612 652 eo
641 614 856 652 certamine
884 614 1076 659 vicissent,
1110 612 1144 650 is
1176 613 1294 650 alteri
1320 612 1462 662 populo

140 690 229 714 cum
256 677 359 714 bona
386 689 481 725 pace
508 676 767 726 imperitaret.

195 738 368 775 Foedera
397 738 477 774 alia
510 738 597 776 aliis
629 737 790 787 legibus,
824 740 997 774 ceterum
1031 736 1163 773 eodem
1191 736 1304 773 modo
1331 735 1462 772 omnia

141 800 255 838 fiunt.
322 799 423 836 Tum
460 799 518 836 ita
554 799 705 836 factum
743 798 971 846 accepimus,
1010 810 1081 834 nec
1117 797 1236 834 ullius
1271 796 1505 842 vetustior4

142 861 308 898 foederis
335 860 523 897 memoria
542 864 611 898 est.
670 859 833 897 Fetialis
851 871 983 908 regem
1012 858 1170 896 Tullum
1200 859 1258 895 ita
1281 857 1462 907 rogavit:

143 926 165 943 ‘⁴
182 922 351 959 Iubesne
370 935 443 968 me,
463 935 543 967 rex,
563 935 652 959 cum
678 926 793 971 patre
820 924 981 970 patrato
999 920 1133 969 populi
1152 919 1300 956 Albani
1328 918 1464 956 foedus

142 983 287 1020 ferire?
304 982 323 997 ”
351 983 521 1020 Iubente
547 996 638 1032 rege
667 982 881 1031 “sagmina
898 981 916 996 ''
944 981 1075 1030 inquit
1095 984 1116 1001 “
1133 986 1184 1027 te,
1210 994 1290 1026 rex,
1320 979 1465 1030 posco.”

144 1043 230 1081 Rex
257 1044 316 1081 ait
345 1046 367 1063 ‘⁴
383 1056 524 1093 puram
553 1043 716 1081 tollito?
772 1042 935 1080 Fetialis
963 1054 1011 1078 ex
1039 1054 1128 1079 arce
1155 1041 1345 1091 graminis
1380 1041 1466 1078 her·
1485 1051 1504 1088 5

142 1106 230 1142 bam
258 1117 401 1154 puram
420 1105 570 1142 attulit.
640 1105 781 1141 Postea
799 1116 929 1152 regem
957 1103 1015 1140 ita
1043 1104 1216 1152 rogavit:
1249 1103 1385 1148 “Rex,
1404 1102 1463 1138 fa·

142 1166 245 1203 cisne
281 1178 344 1202 me
378 1169 424 1202 tu
453 1165 605 1215 regium
642 1166 828 1202 nuntium
858 1163 991 1213 populi
1029 1164 1201 1201 Romani
1237 1164 1464 1210 Quiritium,

143 1239 236 1263 vasa
253 1227 485 1275 comitesque
505 1227 635 1264 meos?
652 1225 670 1240 ”
699 1226 786 1262 Rex
804 1224 1003 1274 respondit
1020 1238 1027 1262 :
1059 1228 1080 1244 “
1097 1225 1207 1269 Quod
1226 1225 1309 1261 sine
1328 1223 1466 1260 fraude

144 1303 230 1327 mea
247 1290 458 1340 populique
477 1290 649 1327 Romani
668 1290 885 1334 Quiritium
906 1290 989 1335 fiat,
1011 1289 1146 1326 facio.’'
1197 1289 1362 1326 Fetialis
1380 1291 1468 1325 erat
1485 1289 1506 1322 6

144 1351 200 1389 M.
220 1351 417 1388 Valerius.
475 1352 517 1389 Is
543 1355 697 1401 patrem
726 1355 932 1401 patratum
962 1350 1149 1400 Spurium
1180 1351 1341 1387 Fusium
1361 1349 1464 1395 fecit,

142 1413 313 1451 verbena
331 1417 451 1462 caput
477 1413 714 1462 capillosque
734 1416 912 1461 tangens.
973 1411 1097 1448 Pater
1125 1415 1311 1461 patratus
1329 1410 1380 1447 ad
1406 1410 1467 1447 ius

142 1474 354 1511 iurandum
386 1473 640 1523 patrandum,
670 1474 710 1510 id
742 1478 801 1510 est
830 1472 1088 1509 sanciendum
1116 1472 1163 1509 fit
1190 1472 1337 1518 foedus,
1366 1471 1465 1508 mul-

142 1536 271 1584 tisque
298 1534 337 1571 id
364 1535 504 1581 verbis,
525 1547 627 1584 quae
654 1535 770 1584 longo
789 1535 907 1571 effata
927 1534 1102 1571 carmine
1132 1548 1213 1572 non
1240 1546 1381 1583 operae
1409 1536 1468 1570 est

143 1596 301 1643 referre,
330 1596 496 1645 peragit.
556 1595 725 1645 Legibus
758 1595 897 1632 deinde
927 1595 1103 1633 recitatis
1132 1598 1153 1615 “
1170 1594 1265 1632 audi
1277 1594 1295 1609 ’¹
1323 1593 1466 1642 inquit,
1487 1609 1505 1645 7

145 1657 374 1707 “Iuppiter,
414 1657 520 1703 audi,
559 1661 673 1706 pater
710 1660 869 1706 patrate
905 1656 1039 1705 populi
1074 1656 1240 1703 Albani,
1277 1655 1372 1692 audi
1407 1658 1466 1702 tu,

144 1718 310 1768 populus
340 1717 545 1755 Albanus:
579 1721 626 1754 ut
663 1717 731 1754 illa
764 1717 897 1766 palam
930 1717 1058 1766 prima
1087 1721 1283 1766 postrema
1311 1728 1360 1753 ex
1390 1715 1468 1753 illis

145 1779 293 1817 tabulis
315 1792 452 1816 cerave
479 1779 647 1816 recitata
675 1784 770 1816 sunt
797 1779 879 1815 sine
908 1778 994 1815 dolo
1022 1780 1136 1826 malo,
1165 1779 1304 1828 utique
1331 1790 1378 1815 ea
1405 1777 1468 1814 hic

145 1840 257 1878 hodie
275 1840 489 1877 rectissime
508 1839 709 1876 intellecta
729 1842 836 1885 sunt,
856 1838 933 1875 illis
961 1839 1112 1888 legibus
1130 1839 1297 1889 populus
1322 1839 1467 1875 Roma-

146 1914 221 1938 nus
250 1901 358 1950 prior
389 1913 468 1937 non
503 1901 666 1938 deficiet.
724 1901 765 1938 Si
797 1900 904 1949 prior
941 1899 1089 1937 defexit
1124 1900 1278 1950 publico
1313 1899 1468 1937 consilio
1486 1910 1509 1946 3

146 1962 232 1999 dolo
259 1961 376 2009 malo,
405 1965 491 1998 tum
524 1965 583 2008 tu,
612 1962 679 1998 ille
708 1961 917 2010 Diespiter,
946 1961 1133 2010 populum
1162 1962 1387 1999 Romanum
1416 1961 1469 1998 sic

148 2024 276 2069 ferito,
315 2026 361 2059 ut
397 2035 468 2072 ego
505 2023 610 2059 hunc
646 2035 806 2072 porcum
843 2021 906 2058 hic
942 2022 1054 2059 hodie
1091 2022 1245 2069 feriam,
1278 2026 1469 2071 tantoque

148 2084 274 2134 magis
293 2084 422 2131 ferito,
443 2088 593 2133 quanto
616 2084 741 2133 magis
762 2087 872 2134 potes
899 2083 1129 2133 pollesque.''
1185 2084 1234 2121 Id
1261 2084 1329 2121 ubi
1356 2083 1468 2130 dixit,
1487 2108 1509 2144 9

151 2159 311 2196 porcum
347 2159 441 2183 saxo
477 2146 583 2183 silice
619 2147 820 2195 percussit.
879 2145 960 2182 Sua
991 2146 1087 2183 item
1115 2147 1292 2184 carmina
1319 2146 1469 2183 Albani

149 2220 341 2256 suumque
367 2207 427 2244 ius
454 2207 665 2244 iurandum
684 2220 754 2256 per
771 2220 886 2244 suum
914 2206 1146 2244 dictatorem
1166 2220 1331 2257 suosque
1349 2220 1467 2244 sacer-

151 2269 258 2306 dotes
276 2272 523 2319 peregerunt.
