1674 2506
638 166 774 192 anPs.
806 156 867 201 30,
898 155 958 192 31.
1408 157 1450 193 51

139 256 322 304 quentius
341 257 604 303 habitaretur,
623 270 711 294 eam
729 258 859 295 sedem
878 258 1016 295 Tullus
1035 258 1167 306 regiae
1186 259 1302 308 capit,
1322 258 1458 308 ibique

137 317 275 354 deinde
307 318 513 355 habitavit.
570 318 770 367 Principes
802 319 1053 356 Albanorum
1081 318 1123 356 in
1156 323 1304 368 patres,
1336 324 1382 356 ut
1410 332 1456 356 ea
1478 329 1496 353 2

137 391 291 428 quoque
318 391 411 428 pars
437 379 493 415 rei
521 379 697 428 publicae
725 383 924 426 cresceret,
951 379 1070 429 legit:
1099 380 1247 417 Tullios
1277 380 1458 417 Servilios

138 440 338 484 Quinctios
374 440 568 490 Geganios
596 441 790 478 Curiatios
819 441 982 478 Cloelios
995 455 1005 488 ;
1033 442 1304 492 templumque
1330 441 1457 479 ordini

138 502 188 538 ab
215 513 256 538 se
282 505 396 538 aucto
423 502 573 539 curiam
600 501 705 548 fecit,
737 515 838 551 quae
866 502 1041 539 Hostilia
1069 515 1193 552 usque
1217 503 1267 539 ad
1295 507 1457 552 patrum

137 566 359 599 nostrorum
378 566 547 599 aetatem
567 563 765 612 appellata
793 567 862 599 est.
934 563 988 599 Et
1006 567 1053 600 ut
1080 564 1255 600 omnium
1275 564 1457 600 ordinum
1478 578 1497 611 3

137 623 285 660 viribus
311 623 459 672 aliquid
479 636 526 660 ex
555 637 655 660 novo
683 624 826 672 populo
855 624 1086 670 adiceretur,
1117 625 1297 673 equitum
1325 625 1457 661 decem

137 688 291 721 turmas
309 697 357 720 ex
375 685 544 721 Albanis
570 685 679 734 legit,
699 684 873 733 legiones
892 688 932 722 et
959 688 1112 722 veteres
1140 684 1270 722 eodem
1302 685 1456 734 supple-

137 750 270 782 mento
288 745 459 794 explevit
478 748 518 782 et
537 759 658 782 novas
677 746 845 795 scripsit.

193 807 280 844 Hac
298 807 437 844 fiducia
457 807 600 843 virium
619 807 755 844 Tullus
775 808 929 844 Sabinis
947 808 1094 845 bellum
1114 808 1263 855 indicit,
1283 808 1394 857 genti
1413 821 1459 845 ea
1478 825 1500 857 4

139 872 372 917 tempestate
384 868 595 904 secundum
610 868 797 906 Etruscos
811 869 1130 918 opulentissimae
1142 869 1236 906 viris
1251 870 1458 918 armisque.

140 929 353 978 Utrimque
370 928 539 965 iniuriae
558 929 687 966 factae
708 942 750 966 ac
769 943 831 967 res
850 931 1090 979 nequiquam
1109 935 1225 967 erant
1244 931 1433 980 repetitae
1451 944 1458 968 :

138 991 274 1028 Tullus
302 991 349 1026 ad
377 991 567 1028 Feroniae
595 991 735 1028 fanum
763 995 941 1029 mercatu
970 992 1169 1040 frequenti
1197 992 1461 1041 negotiatores
1480 1010 1499 1046 5

139 1054 338 1090 Romanos
369 1052 652 1101 conprehensos
681 1053 945 1101 querebatur;
985 1053 1133 1100 Sabini,
1163 1067 1252 1090 suos
1280 1054 1390 1102 prius
1416 1054 1459 1090 in

138 1115 270 1151 lucum
289 1114 506 1162 confugisse
525 1127 571 1150 ac
591 1114 741 1150 Romae
761 1118 946 1151 retentos.
995 1115 1085 1151 Hae
1105 1127 1246 1151 causae
1257 1115 1350 1151 belli
1361 1115 1459 1151 fere·
1480 1118 1502 1153 6

138 1176 295 1212 bantur.
355 1174 502 1220 Sabini,
532 1175 638 1211 haud
665 1188 805 1224 parum
834 1188 1022 1212 memores
1049 1180 1090 1212 et
1117 1188 1279 1212 suarum
1316 1176 1459 1212 virium

139 1240 291 1286 partem
313 1236 460 1272 Romae
488 1236 539 1271 ab
565 1236 680 1272 Tatio
709 1237 875 1273 locatam
904 1242 944 1274 et
972 1237 1196 1273 Romanam
1224 1249 1307 1273 rem
1336 1249 1462 1286 nuper

138 1298 259 1335 etiam
278 1297 494 1334 adiectione
513 1297 643 1346 populi
664 1297 814 1334 Albani
832 1304 1000 1343 auctam,
1022 1298 1316 1346 circumspicere
1330 1301 1371 1334 et
1389 1297 1461 1347 ipsi

139 1363 301 1396 externa
321 1358 480 1396 auxilia.
539 1358 703 1394 Etruria
732 1362 818 1395 erat
849 1358 984 1405 vicina,
1016 1359 1182 1408 proximi
1203 1359 1460 1395 Etruscorum
1484 1376 1500 1412 7

139 1420 336 1457 Veientes,
393 1419 493 1456 Inde
523 1419 571 1456 ob
598 1419 774 1456 residuas
801 1419 991 1456 bellorum
1020 1420 1097 1456 iras
1125 1420 1294 1456 maxime
1323 1420 1460 1456 sollici-

139 1481 236 1518 tatis
262 1481 312 1518 ad
342 1479 597 1516 defectionem
632 1480 774 1516 animis
803 1480 1046 1517 voluntarios
1078 1485 1247 1526 traxere,
1277 1484 1317 1516 et
1354 1479 1461 1529 apud

140 1555 258 1593 vagos
276 1542 462 1591 quosdam
481 1554 527 1578 ex
547 1542 652 1591 inopi
678 1541 790 1590 plebe
818 1541 936 1578 etiam
956 1555 1102 1578 merces
1128 1542 1255 1578 valuit
1272 1556 1279 1579 z
1309 1541 1463 1590 publico

140 1604 286 1642 auxilio
314 1603 422 1640 nullo
442 1603 568 1639 adiuti
594 1607 699 1649 sunt,
720 1602 923 1652 valuitque
943 1603 1049 1652 apud
1069 1603 1397 1639 Veientes—nam
1416 1602 1463 1638 de

140 1666 276 1704 ceteris
304 1666 435 1702 minus
462 1665 607 1701 mirum
635 1668 867 1713 est—pacta
899 1677 988 1701 cum
1017 1664 1186 1700 Romulo
1218 1663 1462 1700 indutiarum

141 1727 246 1764 fides.
286 1726 385 1763 Cum
397 1726 540 1762 bellum
555 1726 751 1774 utrimque
764 1737 918 1761 summa
930 1737 1001 1774 ope
1015 1728 1215 1774 pararent,
1229 1724 1408 1773 vertique
1422 1724 1464 1760 in

141 1801 185 1826 eo
203 1801 264 1825 res
283 1787 493 1832 videretur,
511 1786 591 1822 utri
609 1786 717 1834 prius
736 1798 848 1821 arma
868 1785 1074 1831 inferrent,
1090 1788 1254 1833 occupat
1272 1784 1409 1821 Tullus
1423 1784 1465 1820 in

142 1862 281 1900 agrum
295 1847 485 1885 Sabinum
498 1848 678 1884 transire.
726 1847 868 1896 Pugna
879 1850 992 1883 atrox
1007 1846 1057 1882 ad
1069 1846 1206 1882 silvam
1223 1846 1464 1882 Malitiosam
1484 1874 1504 1907 ‘)

143 1911 232 1957 fuit,
251 1910 320 1946 ubi
347 1913 387 1946 et
406 1909 582 1958 peditum
601 1908 759 1958 quidem
777 1908 925 1954 robore,
945 1912 1117 1944 ceterum
1146 1908 1325 1957 equitatu
1351 1910 1466 1943 aucto

143 1984 269 2021 nuper
280 1970 492 2020 plurimum
506 1969 688 2006 Romana
708 1969 808 2005 acies
822 1969 959 2006 valuit.
1015 1969 1082 2005 Ab
1096 1968 1294 2017 equitibus
1304 1972 1465 2017 repente
1487 1992 1532 2015 10

143 2032 305 2069 invectis
331 2031 486 2068 turbati
512 2030 666 2067 ordines
683 2034 778 2066 sunt
798 2029 1050 2076 Sabinorum3
1079 2042 1149 2066 nec
1177 2043 1310 2079 pugna
1329 2028 1467 2066 deinde

144 2093 222 2130 illis
241 2098 419 2129 constare
437 2104 509 2129 nec
525 2091 620 2141 fuga
639 2091 824 2140 explicari
843 2093 927 2128 sine
946 2104 1091 2140 magna
1111 2091 1224 2128 caede
1243 2091 1384 2140 potuit.

1487 1758 1510 1793 8

199 2215 362 2252 XXXI.
393 2215 568 2251 Devictis
588 2214 742 2251 Sabinis
761 2227 848 2250 cum
868 2213 910 2250 in
928 2226 1074 2263 magna
1093 2213 1218 2262 gloria
1237 2214 1467 2262 magnisque
1489 2237 1503 2261 1

147 2276 285 2325 opibus
304 2288 470 2325 regnum
490 2275 595 2312 Tulli
614 2288 660 2312 ac
688 2278 773 2311 tota
801 2288 863 2311 res
891 2274 1074 2311 Romana
1103 2278 1214 2320 esset,
1235 2274 1465 2311 nuntiatum
