1674 2506
210 117 259 155 48
799 133 890 158 mvr
919 134 946 159 1.

207 225 415 270 steterant,
437 227 482 260 ut
502 224 645 261 nudari
664 224 793 261 latera
812 237 882 262 sua
901 226 1090 262 sociorum
1102 225 1280 275 digressu
1299 230 1531 274 senserunt3

207 284 300 321 inde
327 297 445 333 eques
463 285 585 322 citato
604 297 703 334 equo
722 286 884 322 nuntiat
903 286 997 335 regi,
1019 285 1129 323 abire
1147 287 1337 325 Albanos.
1394 287 1532 325 Tullus

209 346 251 383 in
287 358 330 383 re
367 346 522 394 trepida
560 346 759 383 duodecim
794 347 902 384 vovit
936 347 1061 384 Salios
1098 347 1273 396 fanaque
1311 347 1459 385 Pallori
1485 361 1531 385 ac

167 403 189 438 8
209 405 363 444 Pavori.
413 407 598 456 Equitem
618 406 726 443 clara
741 407 948 457 increpans
961 421 1063 455 voce,
1079 413 1126 445 ut
1138 408 1268 445 hostes
1282 408 1529 456 exaudirent,

208 468 334 505 redire
362 468 403 504 in
424 468 615 517 proelium
643 469 765 515 iubet,
785 469 886 506 nihil
913 470 1177 518 trepidatione
1205 483 1302 519 opus
1329 483 1432 517 esse;
1461 484 1530 509 suo

207 532 315 569 iussu
335 532 572 569 circumduci
600 532 805 569 Albanum
833 533 1061 580 exercitum,
1082 538 1128 570 ut
1148 534 1402 571 Fidenatium
1421 535 1530 572 nuda

206 597 320 641 terga
340 593 542 630 invadant.
600 594 711 630 Idem
730 594 780 630 im
788 598 912 643 perat,
932 598 979 632 ut
997 594 1134 632 hastas
1154 596 1304 645 equites
1319 596 1526 645 erigerent.

167 662 188 697 9
207 654 256 690 Id
274 654 423 691 factum
443 667 612 703 magnae
639 655 746 704 parti
774 655 950 704 peditum
980 656 1251 693 Romanorum
1280 661 1528 706 conspectum

207 716 390 752 abeuntis
422 716 573 753 Albani
603 717 797 753 exercitus
832 718 1107 767 intersaepsit5
1146 718 1214 767 qui
1253 718 1449 765 viderant,
1487 718 1528 755 id

207 776 308 825 quod
329 777 380 813 ab
399 790 489 826 rege
504 778 687 814 auditum
707 782 795 814 erat
814 778 905 825 rati,
926 791 970 815 eo
990 779 1121 816 acrius
1141 784 1336 828 pugnant.
1386 780 1528 817 Terror

206 837 255 874 ad
293 838 423 874 hostes
459 839 605 875 transit
622 853 629 876 :
668 842 709 875 et
746 839 983 876 audiverant
1020 840 1128 877 clara,
1166 853 1258 877 voce
1295 841 1457 887 dictum,
1486 844 1527 878 et

206 912 350 948 magna
365 912 458 948 pars
474 900 738 947 Fidenatium,
752 904 798 937 ut
810 901 878 950 qui
891 901 1015 938 coloni
1031 902 1157 939 additi
1175 901 1366 938 Romanis
1384 905 1526 949 essent,

146 972 186 995 10
206 961 350 998 Latine
364 961 551 998 sciebant.
595 962 752 1011 Itaque,
772 974 822 999 ne
840 963 970 999 subito
983 976 1030 1000 ex
1049 963 1211 1000 collibus
1223 963 1388 1000 decursu
1401 963 1526 1000 Alba-

204 1034 343 1058 norum
373 1022 733 1060 intercluderentur
759 1024 809 1060 ab
837 1024 987 1072 oppido,
1017 1028 1130 1074 terga
1159 1028 1334 1062 vertunt.
1392 1025 1527 1062 Instat

205 1083 340 1120 Tullus
355 1084 518 1133 fusoque
539 1084 789 1121 Fidenatium
810 1098 929 1122 cornu
949 1086 990 1122 in
1010 1086 1221 1123 Veientem
1239 1085 1366 1123 alieno
1385 1098 1526 1136 pavore

203 1145 425 1195 perculsum
453 1145 617 1183 ferocior
636 1146 748 1183 redit.
805 1147 889 1183 Nec
917 1147 975 1183 illi
994 1147 1121 1184 tulere
1148 1147 1352 1196 impetum,
1382 1147 1447 1184 sed
1475 1148 1526 1184 ab

145 1219 150 1240 ι
170 1219 181 1242 1
203 1207 326 1243 effusa,
357 1207 454 1256 fuga
482 1207 630 1244 flumen
662 1208 857 1244 obiectum
880 1208 930 1245 ab
949 1211 1060 1257 tergo
1086 1208 1257 1245 arcebat.
1314 1208 1400 1253 Quo
1423 1212 1525 1258 post-

202 1279 321 1316 quam
350 1267 446 1317 fuga
472 1268 692 1314 inclinavit,
721 1268 790 1304 alii
814 1281 927 1304 arma
957 1268 1066 1305 foede
1093 1269 1290 1305 iactantes
1317 1269 1360 1305 in
1379 1281 1524 1318 aquam

201 1329 304 1365 caeci
318 1329 498 1375 ruebant,
520 1328 601 1375 alii,
615 1329 708 1365 dum
721 1333 963 1365 cunctantur
981 1324 1022 1366 in
1042 1330 1148 1378 ripis,
1161 1329 1267 1366 inter
1286 1329 1407 1379 fugae
1426 1342 1522 1379 pug-

202 1402 355 1438 naeque
373 1390 575 1427 consilium
604 1390 785 1439 oppressi.
843 1390 936 1427 Non
956 1390 1036 1426 alia
1055 1394 1151 1427 ante
1180 1390 1362 1427 Romana
1389 1404 1524 1441 pugna

201 1451 370 1487 atrocior
398 1450 487 1487 fuit.

166 1581 178 1603 Ι
253 1573 464 1610 XXVIII.
495 1574 594 1610 Tum
614 1574 797 1610 Albanus
824 1574 1031 1620 exercitus,
1053 1577 1254 1623 spectator
1282 1574 1521 1621 certaminis,

201 1635 390 1671 deductus
409 1635 450 1670 in
470 1648 637 1684 campos.
697 1635 867 1672 Mettius
886 1635 999 1671 Tullo
1028 1635 1201 1672 devictos
1230 1635 1362 1672 hostes
1388 1640 1522 1685 gratu-

199 1695 321 1741 latur,
360 1699 499 1731 contra
527 1696 665 1732 Tullus
695 1696 887 1732 Mettium
914 1696 1083 1744 benigne
1111 1696 1350 1745 adloquitur.
1410 1696 1521 1741 Quod

200 1756 298 1792 bene
318 1758 460 1800 vertat,
481 1760 612 1793 castra
631 1757 809 1793 Albanos
830 1756 1020 1793 Romanis
1038 1757 1176 1793 castris
1203 1757 1367 1806 iungere
1386 1757 1497 1794 iubet
1508 1770 1520 1804 3

161 1827 179 1849 2
199 1817 432 1853 sacrificium
452 1817 617 1854 lustrale
635 1818 676 1854 in
705 1818 806 1854 diem
835 1821 1036 1866 posterum
1065 1821 1194 1866 parat.
1250 1818 1334 1855 Ubi
1360 1818 1519 1864 inluxit,

199 1878 349 1927 paratis
368 1878 560 1924 omnibus,
580 1883 626 1915 ut
646 1879 806 1925 adsolet,
827 1880 958 1915 vocari
986 1878 1035 1914 ad
1055 1878 1276 1915 contionem
1305 1882 1519 1929 utrumque

199 1939 415 1975 exercitum
453 1939 572 1975 iubet.
641 1939 858 1976 Praecones
895 1939 944 1975 ab
977 1943 1153 1975 extremo
1180 1939 1256 1976 orsi
1284 1939 1428 1988 primos
1455 1952 1518 1976 ex-

200 2000 326 2036 civere
361 1999 550 2036 Albanos.
621 2001 658 2036 Ii
694 2001 872 2037 novitate
909 2000 1029 2036 etiam
1067 2000 1123 2036 rei
1156 2001 1263 2046 moti,
1302 2005 1348 2036 ut
1385 2013 1516 2049 regem

159 2069 180 2103 3
198 2062 424 2098 Romanum
453 2061 745 2097 contionantem
767 2061 963 2107 audirent,
983 2061 1151 2110 proximi
1179 2062 1398 2098 constitere.
1455 2062 1516 2099 Ex

199 2122 397 2171 conposito
417 2126 574 2158 armata
594 2122 862 2158 circumdatur
891 2122 1072 2158 Romana
1099 2122 1211 2171 legio.
1270 2123 1515 2160 Centuriom'-

201 2184 271 2219 bus
290 2182 427 2219 datum
449 2184 649 2231 negotium
669 2187 767 2228 erat,
784 2187 830 2219 ut
849 2183 933 2219 sine
951 2195 1060 2220 mora
1079 2183 1244 2232 imperia
1263 2196 1514 2232 exsequeren-

158 2253 181 2285 4
198 2250 274 2282 tur.
332 2245 430 2280 Tum
450 2244 506 2279 ita
526 2243 662 2280 Tullus
680 2244 791 2280 infit:
814 2247 835 2264 “
849 2244 1030 2289 Romani,
1044 2244 1075 2280 si
1095 2256 1282 2291 umquam
1303 2248 1397 2280 ante
1415 2244 1515 2281 alias
