1674 2506
662 172 777 198 CHAP.
808 161 869 198 58.
1376 162 1422 199 81

106 266 198 300 tuta
230 263 333 301 circa
366 264 559 313 sopitique
590 276 723 301 omnes
760 263 1009 312 videbantur,
1043 264 1180 301 stricto
1217 263 1347 313 gladio
1376 263 1426 301 ad

106 325 361 361 dormientem
400 325 622 361 Lucretiam
661 325 781 371 venit,
820 325 1056 374 sinistraque
1093 338 1214 361 manu
1252 325 1427 361 mulieris

105 390 260 435 pectore
271 398 461 435 oppresso,
479 389 501 405 ‘⁴
517 387 617 422 Tace
637 385 856 432 Lucretia‚'’
871 386 1024 435 inquit:
1050 386 1167 423 “Sex.
1185 386 1426 435 Tarquinius

105 461 217 491 sum3
246 447 396 484 ferrum
430 448 472 484 in
504 461 625 484 manu
663 452 733 493 est,
772 448 947 495 moriere,
985 447 1019 485 si
1050 448 1222 485 emiseris
1258 447 1425 484 vocem.'’

105 510 203 547 Cum
233 509 375 558 pavida
403 522 451 546 ex
477 522 610 546 somno
630 509 770 546 mulier
789 509 939 546 nullam
968 522 1090 558 opem,
1111 521 1231 558 prope
1258 513 1424 545 mortem
1444 516 1466 552 3

104 570 362 607 inminentem
391 570 550 616 videret,
572 575 656 607 tum
685 571 922 619 Tarquinius
939 570 1060 607 fateri
1086 583 1269 616 amorem,
1299 582 1424 616 orare,

104 632 264 668 miscere
289 631 467 681 precibus
489 631 628 677 minas,
649 644 804 668 versare
822 631 865 668 in
883 644 1017 668 omnes
1035 634 1170 680 partes
1192 631 1423 668 muliebrem

103 694 290 730 animum.
338 692 420 730 Ubi
438 693 674 730 obstinatam
688 693 844 729 videbat
863 696 903 729 et
921 705 971 729 ne
986 693 1122 730 mortis
1139 692 1295 742 quidem
1315 696 1425 730 metu
1441 697 1467 732 4

102 754 297 799 inclinari,
319 753 428 790 addit
448 754 498 790 ad
523 758 672 790 metum
693 754 855 791 dedecus
868 768 877 801 3
907 767 995 790 cum
1024 758 1180 790 mortua
1198 754 1423 803 iugulatum

102 828 257 852 servum
278 815 425 852 nudum
447 816 666 865 positurum
686 816 756 862 ait,
773 819 819 852 ut
838 816 877 851 in
898 815 1051 852 sordido
1071 816 1264 852 adulterio
1282 819 1424 852 necata

102 876 267 914 dicatur.
325 877 411 921 Quo
439 881 591 914 terrore
620 890 709 914 cum
740 877 893 914 vicisset
923 877 1164 914 obstinatam
1193 877 1423 927 pudicitiam
1443 882 1464 921 5

103 939 210 975 velut
229 939 372 975 victrix
400 939 529 984 libido,
550 939 823 988 profectusque
852 939 941 975 inde
960 939 1199 988 Tarquinius
1228 939 1339 976 ferox
1358 951 1423 975 ex-

100 1004 277 1049 pugnato
305 1000 439 1037 decore
466 1000 647 1036 muliebri
668 1005 779 1047 esset,
802 1000 986 1037 Lucretia
1013 1005 1161 1037 maesta
1185 1004 1300 1037 tanto
1319 1001 1423 1037 malo

101 1061 288 1098 nuntium
318 1061 487 1097 Romam
508 1061 672 1098 eundem
692 1061 741 1098 ad
761 1065 915 1110 patrem
945 1061 1199 1110 Ardeamque
1218 1061 1267 1098 ad
1292 1062 1422 1098 virum

100 1122 237 1167 mittit,
268 1126 314 1158 ut
343 1135 430 1158 cum
459 1122 623 1170 singulis
652 1122 829 1159 fidelibus
857 1123 990 1159 amicis
1018 1123 1202 1160 veniant:
1231 1123 1289 1158 ita
1318 1121 1423 1159 facto

99 1187 378 1232 maturatoque
415 1196 512 1232 opus
549 1195 629 1220 esse
645 1197 655 1231 3
685 1196 767 1220 rem
799 1187 970 1220 atrocem
1009 1183 1199 1220 incidisse.
1257 1183 1423 1233 Spurius

99 1244 305 1281 Lucretius
349 1257 437 1297 cum
476 1244 518 1280 P.
560 1244 720 1281 Valerio
757 1244 890 1281 Volesi
937 1245 1026 1290 filio,
1068 1244 1288 1281 Collatinus
1332 1257 1421 1281 cum
1443 1238 1464 1272 6

100 1306 145 1343 L.
176 1305 293 1342 Iunio
322 1305 448 1342 Bruto
476 1306 597 1352 venit,
627 1319 714 1342 cum
748 1318 825 1354 quo
858 1306 960 1343 forte
990 1306 1159 1342 Romam
1190 1306 1343 1342 rediens
1370 1305 1422 1342 ab

99 1367 239 1403 nuntio
259 1367 391 1403 uxoris
416 1371 503 1403 erat
528 1371 753 1404 conventus.
813 1366 1040 1404 Lucretiam
1069 1367 1267 1404 sedentem
1296 1379 1420 1404 maes-

99 1432 183 1465 tam
219 1428 260 1464 in
298 1427 474 1464 cubiculo
515 1428 737 1465 inveniunt.
806 1428 999 1465 Adventu
1035 1440 1196 1464 suorum
1234 1427 1420 1464 lacrimae

97 1489 265 1526 obortae.
323 1489 616 1537 Quaerentique
656 1490 751 1535 viro,
773 1492 795 1509 “
813 1489 926 1526 Satin
963 1488 1128 1525 salve2”
1177 1487 1418 1534 “Minime‚’'

98 1550 252 1599 inquit:
289 1549 419 1598 “quid
457 1551 561 1586 enim
599 1550 698 1586 salvi
736 1554 796 1586 est
834 1549 989 1586 mulieri
1027 1549 1170 1586 amissa
1208 1548 1420 1599 pudicitia?

97 1611 278 1660 Vestigia
306 1611 382 1647 viri
411 1611 540 1658 alieni,
562 1611 767 1658 Collatine,
794 1612 835 1647 in
865 1611 963 1648 lecto
983 1615 1077 1647 sunt
1097 1616 1176 1648 tuo.
1234 1611 1419 1647 Ceterum

96 1685 235 1722 corpus
253 1675 313 1708 est
331 1675 490 1708 tantum
510 1672 709 1719 violatum,
726 1673 881 1709 animus
898 1673 1030 1709 insons
1045 1686 1052 1708 :
1078 1685 1181 1709 mors
1199 1671 1311 1708 testis
1330 1672 1418 1709 erit.

98 1734 171 1770 Sed
210 1733 302 1770 date
338 1733 519 1770 dexteras
557 1734 750 1783 fidemque
787 1733 892 1770 haud
924 1734 1073 1782 inpune
1105 1733 1285 1770 adultero
1322 1732 1416 1769 fore.

97 1797 184 1834 Sex.
214 1799 273 1832 est
302 1796 549 1844 Tarquinius,
574 1796 643 1845 qui
669 1796 791 1832 hostis
810 1808 880 1844 pro
904 1795 1058 1844 hospite
1086 1795 1215 1845 priore
1238 1798 1352 1831 nocte
1378 1793 1419 1830 vi
1437 1796 1459 1831 8

95 1861 274 1895 armatus
303 1857 397 1893 mihi
436 1858 598 1906 sibique,
637 1857 669 1894 si
706 1870 772 1894 vos
810 1857 884 1894 viri
921 1858 1026 1903 estis,
1056 1856 1289 1906 pestiferum
1326 1856 1418 1892 hinc

95 1917 261 1956 abstulit
279 1917 499 1967 gaudium.''
555 1919 666 1955 Dant
693 1918 828 1955 ordine
846 1930 979 1954 omnes
998 1918 1114 1955 fidem
1128 1931 1138 1964 ;
1167 1918 1418 1954 consolantur
1436 1924 1459 1960 9

94 1991 253 2029 aegram
291 1979 412 2015 animi
448 1979 660 2016 avertendo
697 1992 841 2015 noxam
879 1979 928 2015 ab
966 1985 1101 2015 coacta
1138 1979 1179 2015 in
1217 1982 1416 2015 auctorem

95 2041 248 2078 delicti:
286 2044 458 2077 mentem
494 2053 652 2089 peccare
689 2053 768 2077 non
804 2053 955 2089 corpuS,
994 2045 1034 2077 et
1072 2040 1175 2077 unde
1212 2039 1415 2077 consilium

94 2101 253 2148 afuerit,
274 2102 429 2150 culpam
458 2102 602 2139 abesse.
654 2106 675 2122 “
692 2101 809 2149 Vos,’'
824 2102 967 2151 inquit,
992 2105 1013 2122 “
1026 2101 1215 2149 videritis,
1236 2101 1330 2151 quid
1356 2102 1416 2138 illi
1439 2101 1483 2124 10

95 2164 282 2201 debeatur
299 2177 307 2201 :
337 2175 406 2212 ego
425 2176 486 2200 me
506 2165 579 2200 etsi
597 2169 752 2213 peccato
773 2163 941 2210 absolvo,
961 2164 1149 2214 supplicio
1169 2176 1248 2200 non
1270 2163 1390 2200 libero
1403 2177 1414 2210 3

94 2238 165 2262 nec
178 2224 258 2261 ulla
270 2223 408 2261 deinde
422 2224 606 2272 inpudica
623 2225 826 2262 Lucretiae
840 2225 1017 2274 exemplo
1031 2224 1172 2262 vivetJ’
1218 2224 1413 2271 cultrum,
1437 2241 1479 2266 11

95 2299 209 2336 quem
242 2285 315 2322 sub
347 2289 454 2322 veste
487 2286 666 2322 abditum
704 2286 885 2332 habebat,
918 2299 1006 2323 eum
1043 2286 1085 2323 in
1122 2285 1234 2322 corde
1267 2285 1413 2334 defigit,

148 2347 190 2385 L.
1232 2346 1254 2384 6

1445 1593 1462 1630 7
