1674 2506
700 166 816 191 CHAP.
846 154 908 191 43.
1417 155 1464 191 65

143 256 185 293 in
211 256 504 306 quinquaginta
531 256 685 294 milium
710 269 869 293 censum
897 269 979 294 esse
1006 256 1140 294 voluit.
1187 256 1363 293 Totidem
1381 269 1467 294 cen-

144 318 271 355 turiae
302 322 342 355 et
374 317 481 363 haec,
503 317 714 366 eodemque
744 317 965 355 discrimine
993 317 1187 355 aetatium
1215 318 1366 365 factae3
1395 331 1466 355 nec

142 378 190 416 de
207 379 328 416 armis
346 379 553 428 quicquam
572 382 784 425 mutatum,
805 392 938 416 ocreae
958 384 1118 416 tantum
1138 379 1356 429 ademptae.
1413 380 1464 417 In

142 445 287 489 quarta
317 441 437 478 classe
465 453 604 477 census
633 441 807 489 quinque
837 445 877 477 et
907 441 1050 489 viginti
1083 441 1234 478 milium
1250 455 1261 488 3
1298 442 1464 478 tot-idem
1484 444 1505 480 6

141 501 342 538 centuriae
374 501 526 547 factae;
564 514 676 537 arma
708 506 879 547 mutata,
915 501 1015 538 nihil
1047 506 1206 551 praeter
1238 502 1393 539 hastam
1424 507 1464 540 et

140 566 346 599 ver-rutum
374 563 523 599 datum.
580 562 730 606 Quinta
759 563 890 599 classis
910 567 1040 609 aucta,
1062 564 1266 601 centuriae
1294 564 1462 613 triginta
1484 571 1504 610 7

140 623 278 661 factae.
336 624 368 660 F
369 624 494 660 undas
512 624 737 673 lapidesque
756 624 920 661 missiles
940 624 981 660 hi
1000 637 1129 661 secum
1150 626 1352 674 gerebant.
1411 626 1462 662 In

139 685 200 721 his
227 685 389 731 accensi,
417 684 629 722 cornicines
657 685 937 734 tubicinesque,
971 685 1014 722 in
1047 691 1128 722 tres
1161 687 1360 723 centurias
1390 687 1462 724 dis-

139 746 291 783 tributi.
348 745 542 783 Undecim
575 746 732 782 milibus
769 746 864 782 haec
896 747 1029 783 classis
1060 748 1303 785 censebatur.
1375 749 1462 784 Hoc
1481 747 1503 783 8

139 809 266 845 minor
301 820 438 845 census
474 807 666 856 reliquam
703 807 1000 844 multitudinem
1038 808 1205 847 habuit:
1252 810 1343 846 inde
1380 822 1460 846 una

138 869 317 907 centuria
344 869 450 905 facta
479 872 538 905 est
565 869 752 905 immunis
781 869 934 906 militia.
994 870 1059 906 Ita
1087 870 1258 918 pedestri
1286 872 1460 908 exercitu

137 936 278 968 ornato
306 931 591 979 distributoque
619 931 796 979 equitum
830 943 878 967 ex
906 931 1141 980 primoribus
1169 932 1342 969 civitatis
1370 933 1460 969 duo-

137 992 259 1028 decim
286 992 440 1041 scripsit
467 991 676 1028 centurias.
751 992 826 1029 Sex
854 992 947 1028 item
976 992 1074 1029 alias
1101 994 1310 1039 centurias,
1331 995 1460 1031 tribus
1479 1005 1500 1040 9

137 1054 188 1090 ab
207 1053 376 1090 Romulo
403 1053 612 1099 institutis,
632 1053 706 1089 sub
730 1053 864 1099 isdem,
885 1054 1028 1103 quibus
1047 1054 1311 1103 inauguratae
1330 1059 1458 1102 erant,

137 1115 360 1151 nominibus
386 1114 491 1151 fecit.
557 1114 623 1150 Ad
651 1126 769 1163 equos
797 1115 980 1151 emendos
1013 1114 1113 1152 dena
1149 1116 1257 1152 milia
1285 1116 1385 1153 aeris
1412 1130 1460 1153 ex

136 1177 289 1226 publico
321 1177 426 1223 data,
458 1182 498 1213 et
531 1177 673 1225 quibus
706 1189 825 1226 equos
855 1177 1020 1223 alerent,
1051 1178 1195 1215 viduae
1223 1179 1458 1226 attributae,

135 1251 236 1287 quae
261 1238 355 1275 bina
383 1238 492 1274 milia
512 1239 613 1274 aeris
640 1238 681 1274 in
711 1251 834 1275 annos
862 1239 1034 1287 singulos
1062 1239 1288 1288 penderent.
1347 1241 1459 1277 Haec

135 1300 266 1337 omnia
284 1299 327 1336 in
346 1299 446 1336 dites
465 1313 489 1336 a
508 1300 746 1348 pauperibus
765 1300 957 1336 inclinata
977 1312 1107 1337 onera.

188 1360 339 1397 Deinde
367 1365 426 1397 est
454 1359 575 1397 honos
603 1360 761 1396 additus
779 1375 786 1398 ;
816 1372 895 1397 non
915 1361 1031 1407 enim,
1052 1365 1097 1397 ut
1117 1361 1168 1397 ab
1189 1361 1358 1399 Romulo
1376 1367 1457 1400 tra·
1482 1375 1527 1399 10

135 1421 261 1458 ditum
293 1421 413 1458 ceteri
444 1425 701 1458 servaverant
730 1434 850 1471 regeS‚
883 1421 1031 1458 viritim
1061 1422 1292 1472 suffragium
1321 1424 1457 1461 eadem

134 1482 174 1518 vi
192 1481 400 1530 eodemque
425 1481 509 1518 iure
529 1482 715 1530 promisce
743 1482 924 1518 omnibus
952 1482 1088 1518 datum
1109 1487 1193 1530 est3
1222 1484 1289 1520 sed
1311 1485 1458 1534 gradus

133 1542 242 1588 facti,
262 1546 309 1578 ut
328 1555 453 1591 neque
472 1543 649 1579 exclusus
667 1544 873 1591 quisquam
900 1543 1086 1593 suffragio
1107 1544 1318 1592 videretur,
1339 1550 1380 1582 et
1399 1546 1457 1582 vis

133 1603 259 1640 omnis
285 1615 402 1652 penes
431 1604 619 1652 primores
647 1604 819 1640 civitatis
848 1610 957 1641 esset.
1016 1605 1181 1654 Equites
1210 1607 1313 1643 enim
1346 1621 1455 1644 voca-
1480 1620 1521 1644 11

133 1664 281 1701 bantur
300 1664 428 1713 primi,
441 1664 636 1714 octoginta
651 1665 740 1702 inde
757 1666 907 1714 primae
923 1666 1055 1704 classis
1067 1669 1270 1705 centuriae
1284 1669 1454 1718 primum

132 1727 308 1776 peditum
328 1728 572 1765 vocabantur
584 1743 595 1772 3
620 1729 673 1765 ibi
693 1729 724 1765 si
745 1730 929 1776 variaret,
950 1731 1053 1778 quod
1073 1744 1160 1768 raro
1180 1731 1389 1779 incidebat,
1410 1737 1457 1770 ut

132 1789 324 1826 secundae
355 1789 486 1826 classis
519 1794 765 1836 vocarentur,
801 1803 872 1828 nec
904 1790 987 1828 fere
1025 1804 1214 1841 umquam
1252 1794 1359 1830 infra
1397 1795 1456 1831 ita

133 1849 421 1895 descenderent,
438 1854 484 1887 ut
495 1851 545 1887 ad
565 1850 718 1888 infimos
737 1852 1001 1900 pervenirent.
1051 1852 1135 1890 Nec
1147 1854 1286 1890 mirari
1301 1859 1455 1904 oportet
1478 1866 1522 1891 12

132 1911 237 1948 hunc
256 1911 444 1957 ordinem,
465 1913 533 1961 qui
546 1925 652 1949 nunc
671 1917 730 1949 est
749 1916 836 1961 post
851 1913 1027 1962 expletas
1046 1914 1219 1964 quinque
1231 1919 1271 1952 et
1285 1917 1455 1966 triginta

130 1971 260 2008 tribus
287 1971 484 2021 duplicato
516 1985 652 2009 earum
685 1986 848 2010 numero
877 1975 1064 2011 centuriis
1100 1975 1297 2013 iuniorum
1330 1978 1453 2015 senio-

130 2045 308 2082 rumque,
329 2033 379 2070 ad
398 2033 627 2070 institutam
655 2035 706 2070 ab
735 2034 869 2071 Servio
896 2035 1022 2072 Tullio
1050 2049 1233 2074 summan
1260 2051 1340 2075 non
1367 2052 1453 2076 con-

131 2094 274 2131 venire.
341 2093 639 2138 Quadrifariam
667 2096 771 2132 enim
801 2096 897 2132 urbe
924 2096 1048 2134 divisa
1077 2099 1376 2150 regionibusque
1412 2105 1452 2138 et
1475 2111 1519 2147 13

131 2155 303 2201 collibus,
323 2155 391 2204 qui
419 2155 720 2202 habitabantur,
749 2161 880 2206 partes
909 2170 974 2194 eas
1002 2158 1129 2195 tribus
1157 2159 1384 2208 appellavit,
1405 2166 1452 2198 ut

130 2230 202 2267 ego
220 2216 390 2253 arbitror
408 2229 431 2253 a
449 2217 751 2255 tributo—nam
767 2218 849 2255 eius
864 2231 1016 2268 quoque
1035 2221 1251 2270 aequaliter
1270 2234 1318 2258 ex
1333 2235 1450 2260 censu

131 2275 356 2315 conferendi
391 2277 441 2314 ab
469 2278 603 2314 eodem
635 2278 736 2315 inita
776 2278 877 2315 ratio
910 2283 970 2316 est
982 2292 1173 2330 5—neque
1214 2294 1283 2319 eae
1321 2283 1450 2320 tribus

197 2353 230 2379 L.
1268 2344 1290 2378 5
