1674 2506
653 177 790 203 CHAPs.
823 165 882 211 16,
915 165 972 201 17.
1420 164 1468 200 35

148 268 233 306 eius
250 268 421 306 contioni
440 267 660 305 abstulerit.
707 267 792 304 Nec
810 266 948 303 deinde
967 267 1008 303 in
1027 266 1145 303 terris
1165 266 1358 302 Romulus
1377 264 1466 301 fuit.

151 329 331 366 Romana
367 329 488 379 pubes
517 329 652 366 sedato
683 328 845 365 tandem
875 339 1033 376 pavore,
1068 330 1275 376 postquam
1305 339 1352 362 ex
1386 331 1468 363 tam
1490 336 1508 359 2

149 390 307 427 turbido
327 391 387 428 die
407 403 542 428 serena
559 393 600 427 et
611 389 832 438 tranquilla
844 388 912 425 lux
924 388 1054 434 rediit,
1075 388 1143 424 ubi
1161 400 1327 424 vacuam
1340 386 1468 424 sedem

149 451 298 501 regiam
338 451 450 498 vidit,
487 451 562 488 etsi
598 450 695 487 satis
730 450 912 487 credebat
953 449 1144 498 patribus,
1183 449 1250 498 qui
1286 448 1467 498 proxumi

148 515 356 558 steterant,
377 513 583 549 sublimem
608 515 768 560 raptum
792 510 972 560 procella,
993 515 1128 547 tamen
1146 510 1258 546 velut
1286 509 1469 545 orbitatis

149 576 258 610 metu
276 573 356 611 icta
374 576 568 610 maestum
588 572 831 622 aliquamdiu
851 571 1051 608 silentium
1072 571 1256 607 obtinuit.
1315 570 1467 606 Deinde
1488 583 1510 619 3

149 648 174 672 a
192 635 324 684 paucis
342 635 457 672 initio
481 634 584 671 facto
609 634 724 671 deum
750 633 820 669 deo
848 636 1001 678 natum,
1022 644 1154 681 regem
1182 635 1466 681 parentemque

149 697 258 734 urbis
286 697 492 734 Romanae
519 696 669 733 salvere
697 694 869 731 universi
898 693 1112 731 Romulum
1138 694 1276 730 iubent
1290 706 1301 740 3
1331 704 1468 741 pacem

149 757 327 806 precibus
345 761 571 807 exposcunt,
587 757 648 793 uti
662 756 795 793 volens
809 755 1002 805 propitius
1016 767 1128 791 suam
1143 766 1294 803 semper
1308 754 1471 802 sospitet

149 820 384 869 progeniem.
426 819 559 856 Fuisse
575 818 688 855 credo
699 821 787 854 tum
802 829 955 866 quoque
970 816 1133 865 aliquos,
1149 815 1217 864 qui
1232 815 1470 864 discerptum
1489 831 1513 865 4

150 893 280 930 regem
312 884 472 930 patrum
515 880 697 916 manibus
733 879 846 915 taciti
883 876 1332 927 arguerent—manavit
1365 877 1470 912 enim

150 943 246 980 haec
277 954 431 991 quoque
462 941 528 978 sed
564 941 798 991 perobscura
834 939 1020 985 fama—3
1060 938 1167 975 illam
1198 938 1367 974 alteram
1406 937 1470 973 ad-

149 1004 308 1040 miratio
344 1004 418 1040 viri
455 1007 496 1040 et
532 1015 655 1052 pavor
690 1014 875 1051 praesens
910 1000 1148 1037 nobilitavit.
1219 999 1274 1035 Et
1310 999 1469 1035 consilio
1492 1015 1511 1053 5

150 1067 271 1102 etiam
304 1065 422 1102 unius
453 1064 621 1101 hominis
657 1063 793 1100 addita
829 1062 885 1099 rei
924 1062 1068 1098 dicitur
1104 1061 1208 1098 fides.
1284 1061 1469 1109 Namque

152 1126 341 1163 Proculus
360 1126 499 1172 Iulius,
519 1125 686 1162 sollicita
712 1124 875 1160 civitate
902 1122 1091 1159 desiderio
1118 1122 1221 1170 regis
1248 1126 1289 1158 et
1316 1122 1472 1158 infensa

151 1187 339 1236 patribus,
360 1186 503 1236 gravis,
525 1190 572 1222 ut
590 1186 777 1231 traditur,
797 1184 977 1233 quamvis
996 1195 1164 1232 magnae
1183 1183 1239 1219 rei
1265 1187 1403 1219 auctor
1425 1182 1468 1218 in

149 1249 370 1286 contionem
408 1247 549 1297 prodit.
618 1245 881 1283 “Romulus'’
910 1245 1042 1293 inquit
1076 1247 1097 1264 “
1114 1244 1299 1290 Quirites,
1332 1256 1473 1293 parens
1491 1248 1513 1284 6

151 1310 258 1347 urbis
277 1309 406 1356 huius,
427 1310 554 1359 prima
577 1308 766 1345 hodierna
792 1307 876 1344 luce
898 1307 1004 1344 caelo
1033 1310 1196 1355 repente
1224 1306 1406 1354 delapsus
1433 1318 1472 1343 se

151 1371 247 1408 mihi
279 1371 437 1407 obvium
471 1370 587 1406 dedit.
645 1369 745 1406 Cum
773 1368 954 1418 perfusus
982 1368 1142 1404 horrore
1175 1367 1473 1403 venerabundus

151 1432 399 1478 adstitissem,
431 1436 567 1481 petens
607 1431 796 1481 precibus,
826 1433 872 1467 ut
911 1433 1051 1466 contra
1078 1428 1227 1465 intueri
1254 1427 1316 1465 fas
1343 1432 1470 1465 esset:

153 1494 251 1540 ‘abi,
277 1493 422 1530 nuntia
436 1493 443 1507 ’
463 1493 606 1542 inquit,
628 1496 637 1512 ‘
654 1491 856 1538 Romanis,
885 1491 1069 1527 caelestes
1097 1490 1155 1526 ita
1174 1489 1284 1535 velle,
1309 1493 1355 1525 ut
1384 1502 1470 1525 mea
1493 1501 1510 1537 7

151 1555 279 1591 Roma
315 1557 436 1603 caput
467 1554 571 1590 orbis
604 1557 800 1589 terrarum
833 1552 908 1589 sit:
952 1551 1114 1601 proinde
1145 1564 1228 1587 rem
1259 1550 1471 1586 militarem

151 1616 292 1662 colant,
323 1615 527 1664 sciantque
567 1620 607 1651 et
635 1614 693 1650 ita
722 1614 886 1663 posteris
912 1613 1077 1649 tradant
1115 1612 1243 1648 nullas
1272 1624 1362 1661 opes
1402 1612 1472 1648 hu-

151 1689 288 1714 manas
333 1676 452 1712 armis
501 1675 691 1712 Romanis
736 1676 916 1711 resistere
967 1673 1098 1723 posse.²
1186 1674 1294 1709 Haec
1340 1672 1472 1721 inquit
1491 1676 1513 1711 8

151 1739 304 1775 locutus
336 1737 512 1774 sublimis
540 1735 673 1773 abiit.''
747 1735 897 1772 Mirum
925 1738 1122 1785 quantum
1151 1734 1208 1771 ssli
1247 1734 1331 1770 viro
1370 1747 1471 1770 nun-

151 1799 271 1836 tianti
299 1799 394 1835 haec
422 1798 516 1835 fides
535 1797 668 1844 fuerit,
689 1809 887 1846 quamque
915 1796 1148 1833 desiderium
1179 1796 1339 1832 Romuli
1367 1795 1471 1844 apud

151 1862 304 1910 plebem
342 1860 637 1909 exercitumque
682 1859 788 1896 facta
834 1859 910 1896 fide
955 1858 1255 1895 inmortalitatis
1303 1857 1472 1894 lenitum

151 1923 214 1960 sit.

205 2045 349 2082 XVII.
379 2045 547 2081 Patrum
566 2044 726 2081 interim
746 2043 897 2081 animos
915 2046 1116 2081 certamen
1127 2043 1240 2091 regni
1265 2056 1311 2079 ac
1333 2041 1473 2091 cupido
1498 2056 1510 2079 1

152 2107 344 2143 versabat.
419 2106 597 2142 Necdum
643 2120 666 2142 a
711 2105 887 2154 singulis,
935 2106 1028 2154 quia
1074 2117 1189 2141 nemo
1235 2115 1472 2152 magnopere

152 2167 347 2204 eminebat
379 2167 421 2203 in
453 2180 553 2204 novo
581 2167 735 2216 populo,
765 2179 833 2215 per
861 2166 938 2202 vim
969 2171 1041 2203 aut
1069 2165 1306 2202 factionibus
1321 2178 1331 2211 3
1369 2165 1474 2201 inter

152 2229 306 2266 ordines
326 2229 564 2266 certabatur.
635 2229 802 2266 Oriundi
820 2229 870 2264 ab
890 2228 1058 2273 Sabinis,
1080 2241 1140 2273 ne,
1162 2228 1256 2276 quia
1277 2231 1364 2276 post
1383 2226 1474 2262 Tati
1496 2241 1513 2264 2

154 2294 318 2327 mortem
338 2290 387 2326 ab
406 2303 477 2326 sua
495 2294 610 2338 parte
635 2302 713 2327 non
739 2295 824 2327 erat
842 2293 1066 2339 regnatum,
1087 2289 1129 2325 in
1148 2288 1332 2325 societate
1351 2299 1475 2336 aequa
