1674 2506
180 126 227 161 52
772 134 863 159 LIVY
892 134 918 159 1.

176 228 261 277 regi
287 227 542 277 patribusque
574 230 634 264 est
664 227 708 264 in
740 230 875 264 monte
906 227 1067 263 Albano
1096 225 1290 274 lapidibus
1318 224 1498 273 pluvisse.

138 301 157 325 2
176 288 288 334 Quod
307 302 394 325 cum
415 289 519 326 credi
539 289 606 325 vix
624 291 764 337 posset,
785 288 910 325 missis
930 288 979 324 ad
998 287 1038 324 id
1057 286 1262 323 visendum
1280 286 1499 335 prodigium

175 351 218 387 in
254 353 462 399 conspectu
499 350 607 386 haud
645 349 772 395 aliter,
811 362 931 398 quam
978 361 1067 386 cum
1114 347 1347 398 grandinem
1392 347 1501 383 venti

176 412 435 461 glomeratam
463 410 504 446 in
532 414 660 447 terras
690 414 828 459 agunt,
857 410 981 447 crebri
1013 409 1183 446 cecidere
1210 408 1316 444 caelo
1342 407 1498 456 lapides.

134 487 156 523 3
176 473 265 509 Visi
283 472 404 508 etiam
424 471 562 508 audire
576 483 707 508 vocem
726 470 928 520 ingentem
948 482 998 508 ex
1014 470 1158 507 summi
1172 469 1384 506 cacuminis
1402 468 1498 515 luco,

176 537 222 570 ut
240 532 370 582 patrio
388 531 470 568 ritu
490 545 601 568 sacra
620 531 770 568 Albani
797 531 984 578 facerent,
1007 544 1108 581 quae
1128 531 1236 568 velut
1256 531 1330 567 diis
1348 542 1502 580 quoque

177 594 293 631 simul
312 606 400 630 cum
420 593 551 642 patria
569 593 716 630 relictis
735 593 923 630 oblivioni
943 592 1145 639 dederant,
1166 596 1205 629 et
1225 596 1296 628 aut
1317 591 1501 628 Romana

176 668 287 692 sacra
305 658 556 704 susceperant
575 658 648 691 aut
666 654 863 700 fortunae,
880 658 926 691 ut
940 654 998 699 fit,
1014 654 1157 691 obirati
1171 653 1323 690 cultum
1338 653 1501 702 relique-

135 731 159 765 4
176 722 268 754 rant
288 716 414 753 deum.
472 715 663 752 Romanis
682 727 836 764 quoque
855 716 906 752 ab
925 715 1058 752 eodem
1078 715 1254 764 prodigio
1273 713 1501 751 novendiale

176 791 331 815 sacrum
359 776 514 826 publice
542 780 765 826 susceptum
794 781 865 823 est,
886 789 953 814 seu
982 789 1073 813 voce
1100 776 1258 813 caelesti
1276 788 1324 812 ex
1341 775 1501 812 Albano

177 843 311 875 monte
348 839 613 875 missa—nam
650 837 691 874 id
737 850 890 887 quoque
935 837 1231 874 traditur—seu
1276 837 1500 887 aruspicum

177 901 353 937 monitu:
383 901 530 937 mansit
558 904 663 936 certe
690 900 887 946 sollemne,
909 903 966 946 ut,
987 899 1221 948 quandoque
1249 898 1351 936 idem
1370 898 1498 947 prodi-

176 962 284 1010 gium
304 962 571 1006 nuntiaretur,
593 960 714 997 feriae
733 973 803 1010 per
821 973 960 997 novem
980 960 1059 997 dies
1073 963 1295 1010 agerentur.

137 1041 157 1079 5
231 1022 354 1059 Haud
382 1022 439 1059 ita
468 1022 592 1059 multo
620 1026 708 1071 post
740 1022 967 1071 pestilentia
997 1022 1224 1058 laboratum
1253 1026 1323 1059 est.
1380 1021 1500 1059 Unde

176 1097 263 1120 cum
283 1084 445 1133 pigritia
463 1083 659 1121 militandi
678 1087 869 1130 oreretur,
890 1083 1000 1120 nulla
1020 1088 1155 1120 tamen
1175 1084 1226 1120 ab
1245 1083 1365 1120 armis
1391 1083 1501 1132 quies

177 1146 349 1182 dabatur
369 1159 393 1182 a
412 1146 590 1182 bellicoso
609 1158 712 1195 rege,
733 1145 952 1182 salubriora
972 1145 1094 1182 etiam
1122 1145 1306 1182 credente
1334 1145 1500 1182 militiae

176 1219 295 1256 quam
316 1206 418 1243 domi
436 1206 625 1243 iuvenum
644 1219 806 1255 corpora
826 1218 916 1252 esse,
937 1206 1058 1243 donec
1076 1206 1157 1256 ipse
1176 1219 1329 1255 quoque
1347 1205 1501 1255 longin-

138 1274 158 1309 6
177 1280 252 1317 quo
289 1267 428 1304 morbo
457 1271 515 1303 est
548 1267 768 1316 inplicatus.
839 1267 948 1303 Tunc
980 1267 1074 1304 adeo
1103 1267 1222 1304 fracti
1258 1268 1375 1304 simul
1411 1280 1500 1304 cum

177 1341 334 1378 corpore
366 1333 460 1366 sunt
488 1329 649 1377 spiritus
676 1328 735 1365 illi
764 1327 921 1374 feroceS,
952 1333 1009 1375 ut,
1040 1329 1108 1378 qui
1136 1329 1236 1365 nihil
1264 1333 1359 1365 ante
1388 1332 1501 1366 ratus

179 1393 278 1426 esset
323 1390 454 1426 minus
497 1390 649 1438 regium
695 1401 813 1438 quam
859 1389 977 1426 sacris
1023 1389 1161 1426 dedere
1206 1390 1396 1435 animum,
1442 1402 1500 1426 re-

178 1454 295 1500 pente
314 1451 494 1487 omnibus
522 1450 676 1500 magnis
703 1451 913 1499 parvisque
941 1451 1284 1500 superstitionibus
1311 1451 1501 1488 obnoxius

140 1522 158 1558 7
178 1512 348 1561 degeret,
379 1511 711 1560 religionibusque
747 1511 867 1547 etiam
901 1512 1087 1560 populum
1119 1511 1300 1560 inpleret.
1368 1511 1501 1562 Vulgo

177 1573 257 1609 iam
276 1572 465 1619 homines,
478 1585 568 1609 eum
587 1576 738 1609 statum
753 1585 896 1620 rerum,
912 1573 980 1622 qui
998 1573 1070 1610 sub
1090 1573 1225 1610 Numa
1244 1585 1336 1623 rege
1354 1573 1499 1621 fuerat,

178 1634 433 1683 requirentes,
454 1646 574 1670 unam
602 1646 715 1682 opem
744 1633 871 1682 aegris
899 1634 1125 1683 corporibus
1151 1634 1341 1680 relictam,
1362 1634 1395 1671 si
1421 1647 1500 1684 pax

139 1706 161 1742 g
179 1695 370 1743 veniaque
389 1695 440 1731 ab
460 1695 534 1731 diis
553 1695 768 1743 impetrata
794 1699 905 1742 esset,
934 1695 1156 1732 credebant.
1214 1695 1351 1744 Ipsum
1371 1708 1500 1744 regem

178 1757 346 1793 tradunt
365 1755 587 1793 volventem
608 1756 909 1793 commentarios
928 1757 1097 1802 Numae,
1117 1769 1206 1792 cum
1225 1756 1280 1792 ibi
1308 1757 1500 1805 quaedam

179 1818 327 1854 occulta
346 1817 547 1853 sollemnia
562 1817 749 1854 sacrificia
769 1818 856 1854 Iovi
872 1818 994 1854 Elicio
1008 1817 1113 1854 facta
1127 1818 1352 1864 invenisset,
1367 1830 1501 1867 opera-

180 1883 266 1915 tum
281 1879 327 1915 iis
346 1878 466 1915 sacris
485 1890 525 1915 se
543 1878 736 1915 abdidisse
751 1891 761 1925 3
791 1879 856 1915 sed
876 1892 955 1915 non
973 1879 1049 1915 rite
1068 1879 1213 1915 initum
1233 1883 1305 1915 aut
1319 1883 1500 1916 curatum

180 1940 220 1977 id
255 1952 410 1976 sacrum
447 1952 539 1986 esse,
577 1952 647 1976 nec
680 1940 805 1976 solum
834 1940 985 1976 nullam
1013 1940 1049 1976 ei
1077 1940 1247 1977 oblatam
1275 1941 1500 1977 caelestium

180 2001 356 2050 speciem,
371 2000 436 2037 sed
449 2001 510 2037 ira
526 2001 631 2037 Iovis
650 2000 847 2037 sollicitati
867 2013 991 2049 prava
1002 2000 1189 2048 religione
1200 2000 1366 2037 fulmine
1377 2001 1499 2039 ictum

180 2075 269 2099 cum
288 2063 400 2099 domo
418 2062 688 2110 conflagrasse.
751 2062 888 2099 Tullus
903 2075 1046 2111 magna
1066 2062 1189 2112 gloria
1209 2062 1300 2099 belli
1317 2063 1500 2111 regnavit

181 2136 305 2160 annos
324 2124 418 2160 duos
438 2127 477 2159 et
497 2123 675 2171 triginta.

145 2266 158 2289 1
235 2245 422 2283 XXXII.
454 2245 617 2282 Mortuo
645 2246 757 2282 Tullo
785 2258 858 2292 res,
888 2251 933 2283 ut
961 2246 1193 2283 institutum
1222 2246 1301 2282 iam
1329 2245 1420 2282 inde
1448 2247 1499 2282 ab
