<?xml version="1.0" encoding="UTF-8"?>
<!DOCTYPE html PUBLIC "-//W3C//DTD XHTML 1.0 Transitional//EN"
    "http://www.w3.org/TR/xhtml1/DTD/xhtml1-transitional.dtd">
<html xmlns="http://www.w3.org/1999/xhtml" xml:lang="en" lang="en">
 <head>
  <title>
</title>
<meta http-equiv="Content-Type" content="text/html;charset=utf-8" />
  <meta name='ocr-system' content='tesseract 3.04.00' />
  <meta name='ocr-capabilities' content='ocr_page ocr_carea ocr_par ocr_line ocrx_word'/>
</head>
<body>
  <div class='ocr_page' id='page_1' title='image "./bookimas00livyuoft_0038.png"; bbox 0 0 1674 2506; ppageno 0'>
   <div class='ocr_carea' id='block_1_1' title="bbox 176 131 915 167">
    <p class='ocr_par' dir='ltr' id='par_1_1' title="bbox 176 131 915 167">
     <span class='ocr_line' id='line_1_1' title="bbox 176 131 915 167; baseline -0.001 0"><span class='ocrx_word' id='word_1_1' title='bbox 176 131 225 167; x_wconf 84' lang='lat'><strong>34</strong></span> <span class='ocrx_word' id='word_1_2' title='bbox 768 141 861 167; x_wconf 81' lang='lat' dir='ltr'><strong>LIVY</strong></span> <span class='ocrx_word' id='word_1_3' title='bbox 889 141 915 166; x_wconf 90' lang='lat'><strong>1.</strong></span> 
     </span>
    </p>
   </div>
   <div class='ocr_carea' id='block_1_2' title="bbox 137 231 1505 2299">
    <p class='ocr_par' dir='ltr' id='par_1_2' title="bbox 137 231 1499 462">
     <span class='ocr_line' id='line_1_2' title="bbox 137 231 1498 281; baseline -0.002 -10"><span class='ocrx_word' id='word_1_4' title='bbox 137 249 155 274; x_wconf 90' lang='lat'>1</span> <span class='ocrx_word' id='word_1_5' title='bbox 229 234 323 272; x_wconf 88' lang='lat' dir='ltr'><strong>XV.</strong></span> <span class='ocrx_word' id='word_1_6' title='bbox 345 233 446 270; x_wconf 90' lang='lat' dir='ltr'><strong>Belli</strong></span> <span class='ocrx_word' id='word_1_7' title='bbox 460 232 661 270; x_wconf 87' lang='lat' dir='ltr'><strong>Fidenatis</strong></span> <span class='ocrx_word' id='word_1_8' title='bbox 672 231 904 281; x_wconf 83' lang='lat' dir='ltr'><strong>contagione</strong></span> <span class='ocrx_word' id='word_1_9' title='bbox 915 231 1073 268; x_wconf 86' lang='lat' dir='ltr'><strong>inritati</strong></span> <span class='ocrx_word' id='word_1_10' title='bbox 1081 231 1310 268; x_wconf 70' lang='lat' dir='ltr'><strong>Veientium</strong></span> <span class='ocrx_word' id='word_1_11' title='bbox 1323 232 1446 269; x_wconf 86' lang='lat' dir='ltr'><strong>animi</strong></span> <span class='ocrx_word' id='word_1_12' title='bbox 1458 235 1498 268; x_wconf 84' lang='lat' dir='ltr'><strong>et</strong></span> 
     </span>
     <span class='ocr_line' id='line_1_3' title="bbox 176 292 1497 344; baseline -0.002 -13"><span class='ocrx_word' id='word_1_13' title='bbox 176 294 667 344; x_wconf 86' lang='lat' dir='ltr'><strong>consanguinitate—nam</strong></span> <span class='ocrx_word' id='word_1_14' title='bbox 689 294 899 330; x_wconf 72' lang='lat' dir='ltr'>Fidenates</span> <span class='ocrx_word' id='word_1_15' title='bbox 918 305 1072 342; x_wconf 89' lang='lat' dir='ltr'><strong>quoque</strong></span> <span class='ocrx_word' id='word_1_16' title='bbox 1091 293 1249 330; x_wconf 89' lang='lat' dir='ltr'><strong>Etrusci</strong></span> <span class='ocrx_word' id='word_1_17' title='bbox 1268 292 1497 339; x_wconf 85' lang='lat' dir='ltr'><strong>fuerunt—‚</strong></span> 
     </span>
     <span class='ocr_line' id='line_1_4' title="bbox 177 353 1499 406; baseline -0.003 -13"><span class='ocrx_word' id='word_1_18' title='bbox 177 360 218 394; x_wconf 89' lang='lat' dir='ltr'><strong>et</strong></span> <span class='ocrx_word' id='word_1_19' title='bbox 245 357 348 406; x_wconf 90' lang='lat' dir='ltr'><strong>quod</strong></span> <span class='ocrx_word' id='word_1_20' title='bbox 376 356 460 405; x_wconf 89' lang='lat' dir='ltr'><strong>ipsa</strong></span> <span class='ocrx_word' id='word_1_21' title='bbox 489 355 763 405; x_wconf 71' lang='lat' dir='ltr'>propinquitas</span> <span class='ocrx_word' id='word_1_22' title='bbox 790 354 875 400; x_wconf 90' lang='lat' dir='ltr'><strong>loci,</strong></span> <span class='ocrx_word' id='word_1_23' title='bbox 905 354 937 390; x_wconf 91' lang='lat' dir='ltr'><strong>si</strong></span> <span class='ocrx_word' id='word_1_24' title='bbox 967 354 1147 390; x_wconf 87' lang='lat' dir='ltr'><strong>Romana</strong></span> <span class='ocrx_word' id='word_1_25' title='bbox 1176 366 1289 390; x_wconf 89' lang='lat' dir='ltr'><strong>arma</strong></span> <span class='ocrx_word' id='word_1_26' title='bbox 1316 353 1499 390; x_wconf 90' lang='lat' dir='ltr'><strong>omnibus</strong></span> 
     </span>
     <span class='ocr_line' id='line_1_5' title="bbox 177 415 1497 462; baseline -0.002 -8"><span class='ocrx_word' id='word_1_27' title='bbox 177 418 324 455; x_wconf 87' lang='lat' dir='ltr'><strong>infesta</strong></span> <span class='ocrx_word' id='word_1_28' title='bbox 349 417 528 453; x_wconf 89' lang='lat' dir='ltr'><strong>finitimis</strong></span> <span class='ocrx_word' id='word_1_29' title='bbox 553 420 694 462; x_wconf 85' lang='lat' dir='ltr'><strong>essent,</strong></span> <span class='ocrx_word' id='word_1_30' title='bbox 715 416 958 462; x_wconf 85' lang='lat' dir='ltr'><strong>stimulabat,</strong></span> <span class='ocrx_word' id='word_1_31' title='bbox 977 415 1018 452; x_wconf 92' lang='lat' dir='ltr'><strong>in</strong></span> <span class='ocrx_word' id='word_1_32' title='bbox 1039 415 1136 452; x_wconf 84' lang='lat' dir='ltr'><strong>fines</strong></span> <span class='ocrx_word' id='word_1_33' title='bbox 1165 415 1364 452; x_wconf 87' lang='lat' dir='ltr'><strong>Romanos</strong></span> <span class='ocrx_word' id='word_1_34' title='bbox 1383 427 1497 451; x_wconf 86' lang='lat' dir='ltr'><strong>excu-</strong></span> 
     </span>
    </p>

    <p class='ocr_par' dir='ltr' id='par_1_3' title="bbox 139 476 1501 714">
     <span class='ocr_line' id='line_1_6' title="bbox 139 476 1501 528; baseline -0.003 -11"><span class='ocrx_word' id='word_1_35' title='bbox 139 493 158 517; x_wconf 91' lang='lat'>2</span> <span class='ocrx_word' id='word_1_36' title='bbox 178 482 390 517; x_wconf 70' lang='lat' dir='ltr'><strong>currerunt</strong></span> <span class='ocrx_word' id='word_1_37' title='bbox 408 478 675 528; x_wconf 83' lang='lat' dir='ltr'><strong>populabundi</strong></span> <span class='ocrx_word' id='word_1_38' title='bbox 693 479 819 526; x_wconf 83' lang='lat' dir='ltr'><strong>magis</strong></span> <span class='ocrx_word' id='word_1_39' title='bbox 833 490 950 526; x_wconf 90' lang='lat' dir='ltr'><strong>quam</strong></span> <span class='ocrx_word' id='word_1_40' title='bbox 970 477 1064 514; x_wconf 90' lang='lat' dir='ltr'><strong>iusti</strong></span> <span class='ocrx_word' id='word_1_41' title='bbox 1084 489 1189 514; x_wconf 90' lang='lat' dir='ltr'><strong>more</strong></span> <span class='ocrx_word' id='word_1_42' title='bbox 1204 477 1308 514; x_wconf 88' lang='lat' dir='ltr'><strong>belli.</strong></span> <span class='ocrx_word' id='word_1_43' title='bbox 1357 476 1501 525; x_wconf 87' lang='lat' dir='ltr'><strong>Itaque</strong></span> 
     </span>
     <span class='ocr_line' id='line_1_7' title="bbox 178 539 1500 589; baseline -0.002 -11"><span class='ocrx_word' id='word_1_44' title='bbox 178 555 258 578; x_wconf 90' lang='lat' dir='ltr'><strong>non</strong></span> <span class='ocrx_word' id='word_1_45' title='bbox 276 540 416 577; x_wconf 83' lang='lat' dir='ltr'><strong>castris</strong></span> <span class='ocrx_word' id='word_1_46' title='bbox 437 541 581 589; x_wconf 91' lang='lat' dir='ltr'><strong>positis,</strong></span> <span class='ocrx_word' id='word_1_47' title='bbox 603 552 682 576; x_wconf 88' lang='lat' dir='ltr'><strong>non</strong></span> <span class='ocrx_word' id='word_1_48' title='bbox 704 543 908 588; x_wconf 82' lang='lat' dir='ltr'><strong>expectato</strong></span> <span class='ocrx_word' id='word_1_49' title='bbox 936 539 1108 576; x_wconf 89' lang='lat' dir='ltr'><strong>hostium</strong></span> <span class='ocrx_word' id='word_1_50' title='bbox 1137 540 1311 577; x_wconf 83' lang='lat' dir='ltr'><strong>exercitu</strong></span> <span class='ocrx_word' id='word_1_51' title='bbox 1339 543 1500 588; x_wconf 84' lang='lat' dir='ltr'><strong>raptam</strong></span> 
     </span>
     <span class='ocr_line' id='line_1_8' title="bbox 179 600 1499 651; baseline -0.002 -12"><span class='ocrx_word' id='word_1_52' title='bbox 179 616 227 639; x_wconf 83' lang='lat' dir='ltr'><strong>ex</strong></span> <span class='ocrx_word' id='word_1_53' title='bbox 246 602 350 651; x_wconf 86' lang='lat' dir='ltr'><strong>agris</strong></span> <span class='ocrx_word' id='word_1_54' title='bbox 364 602 548 651; x_wconf 82' lang='lat' dir='ltr'><strong>praedam</strong></span> <span class='ocrx_word' id='word_1_55' title='bbox 568 605 772 650; x_wconf 83' lang='lat' dir='ltr'><strong>portantes</strong></span> <span class='ocrx_word' id='word_1_56' title='bbox 785 600 904 637; x_wconf 88' lang='lat' dir='ltr'><strong>Veios</strong></span> <span class='ocrx_word' id='word_1_57' title='bbox 921 600 1080 637; x_wconf 80' lang='lat' dir='ltr'><strong>rediere.</strong></span> <span class='ocrx_word' id='word_1_58' title='bbox 1128 601 1332 637; x_wconf 89' lang='lat' dir='ltr'><strong>Romanus</strong></span> <span class='ocrx_word' id='word_1_59' title='bbox 1350 604 1499 647; x_wconf 88' lang='lat' dir='ltr'><strong>contra,</strong></span> 
     </span>
     <span class='ocr_line' id='line_1_9' title="bbox 180 662 1501 714; baseline -0.002 -14"><span class='ocrx_word' id='word_1_60' title='bbox 180 668 386 714; x_wconf 84' lang='lat' dir='ltr'><strong>postquam</strong></span> <span class='ocrx_word' id='word_1_61' title='bbox 407 664 558 700; x_wconf 82' lang='lat' dir='ltr'><strong>hostem</strong></span> <span class='ocrx_word' id='word_1_62' title='bbox 584 663 626 699; x_wconf 88' lang='lat' dir='ltr'><strong>in</strong></span> <span class='ocrx_word' id='word_1_63' title='bbox 651 663 756 711; x_wconf 81' lang='lat' dir='ltr'><strong>agris</strong></span> <span class='ocrx_word' id='word_1_64' title='bbox 775 675 854 699; x_wconf 91' lang='lat' dir='ltr'><strong>non</strong></span> <span class='ocrx_word' id='word_1_65' title='bbox 881 662 1046 708; x_wconf 85' lang='lat' dir='ltr'><strong>invenit,</strong></span> <span class='ocrx_word' id='word_1_66' title='bbox 1067 662 1310 699; x_wconf 82' lang='lat' dir='ltr'><strong>dimicationi</strong></span> <span class='ocrx_word' id='word_1_67' title='bbox 1336 662 1501 698; x_wconf 87' lang='lat' dir='ltr'><strong>ultimae</strong></span> 
     </span>
    </p>

    <p class='ocr_par' dir='ltr' id='par_1_4' title="bbox 139 723 1503 895">
     <span class='ocr_line' id='line_1_10' title="bbox 139 723 1501 773; baseline -0.002 -11"><span class='ocrx_word' id='word_1_68' title='bbox 139 737 161 773; x_wconf 86' lang='lat'>3</span> <span class='ocrx_word' id='word_1_69' title='bbox 181 727 399 762; x_wconf 88' lang='lat' dir='ltr'><strong>instructus</strong></span> <span class='ocrx_word' id='word_1_70' title='bbox 427 725 683 772; x_wconf 84' lang='lat' dir='ltr'><strong>intentusque</strong></span> <span class='ocrx_word' id='word_1_71' title='bbox 711 723 881 760; x_wconf 85' lang='lat' dir='ltr'><strong>Tiberim</strong></span> <span class='ocrx_word' id='word_1_72' title='bbox 911 724 1069 760; x_wconf 84' lang='lat' dir='ltr'><strong>transit.</strong></span> <span class='ocrx_word' id='word_1_73' title='bbox 1139 723 1264 768; x_wconf 78' lang='lat' dir='ltr'><strong>Quem</strong></span> <span class='ocrx_word' id='word_1_74' title='bbox 1293 727 1501 772; x_wconf 83' lang='lat' dir='ltr'><strong>postquam</strong></span> 
     </span>
     <span class='ocr_line' id='line_1_11' title="bbox 180 783 1501 834; baseline -0.001 -12"><span class='ocrx_word' id='word_1_75' title='bbox 180 789 309 822; x_wconf 87' lang='lat' dir='ltr'><strong>castra</strong></span> <span class='ocrx_word' id='word_1_76' title='bbox 333 797 475 834; x_wconf 89' lang='lat' dir='ltr'><strong>ponere</strong></span> <span class='ocrx_word' id='word_1_77' title='bbox 504 788 544 820; x_wconf 90' lang='lat' dir='ltr'><strong>et</strong></span> <span class='ocrx_word' id='word_1_78' title='bbox 572 783 622 820; x_wconf 87' lang='lat' dir='ltr'><strong>ad</strong></span> <span class='ocrx_word' id='word_1_79' title='bbox 652 784 785 820; x_wconf 89' lang='lat' dir='ltr'><strong>urbem</strong></span> <span class='ocrx_word' id='word_1_80' title='bbox 816 796 1059 820; x_wconf 81' lang='lat' dir='ltr'><strong>accessurum</strong></span> <span class='ocrx_word' id='word_1_81' title='bbox 1088 784 1276 820; x_wconf 83' lang='lat' dir='ltr'><strong>Veientes</strong></span> <span class='ocrx_word' id='word_1_82' title='bbox 1303 784 1501 829; x_wconf 84' lang='lat' dir='ltr'><strong>audivere,</strong></span> 
     </span>
     <span class='ocr_line' id='line_1_12' title="bbox 181 845 1503 895; baseline -0.001 -12"><span class='ocrx_word' id='word_1_83' title='bbox 181 848 335 883; x_wconf 84' lang='lat' dir='ltr'><strong>obviam</strong></span> <span class='ocrx_word' id='word_1_84' title='bbox 355 846 510 895; x_wconf 77' lang='lat' dir='ltr'><strong>egressi,</strong></span> <span class='ocrx_word' id='word_1_85' title='bbox 531 850 577 882; x_wconf 93' lang='lat' dir='ltr'><strong>ut</strong></span> <span class='ocrx_word' id='word_1_86' title='bbox 596 846 726 895; x_wconf 86' lang='lat' dir='ltr'><strong>potius</strong></span> <span class='ocrx_word' id='word_1_87' title='bbox 746 846 827 882; x_wconf 85' lang='lat' dir='ltr'><strong>acie</strong></span> <span class='ocrx_word' id='word_1_88' title='bbox 855 846 1120 891; x_wconf 83' lang='lat' dir='ltr'><strong>decernerent,</strong></span> <span class='ocrx_word' id='word_1_89' title='bbox 1141 859 1261 894; x_wconf 87' lang='lat' dir='ltr'><strong>quam</strong></span> <span class='ocrx_word' id='word_1_90' title='bbox 1290 845 1430 882; x_wconf 87' lang='lat' dir='ltr'><strong>inclusi</strong></span> <span class='ocrx_word' id='word_1_91' title='bbox 1455 845 1503 882; x_wconf 89' lang='lat' dir='ltr'><strong>de</strong></span> 
     </span>
    </p>

    <p class='ocr_par' dir='ltr' id='par_1_5' title="bbox 139 907 1505 1141">
     <span class='ocr_line' id='line_1_13' title="bbox 139 907 1504 957; baseline -0.001 -13"><span class='ocrx_word' id='word_1_92' title='bbox 139 910 295 956; x_wconf 88' lang='lat' dir='ltr'><strong>4tectis</strong></span> <span class='ocrx_word' id='word_1_93' title='bbox 340 908 620 957; x_wconf 89' lang='lat' dir='ltr'><strong>moenibusque</strong></span> <span class='ocrx_word' id='word_1_94' title='bbox 657 907 900 944; x_wconf 83' lang='lat' dir='ltr'><strong>dimicarent.</strong></span> <span class='ocrx_word' id='word_1_95' title='bbox 977 907 1040 943; x_wconf 90' lang='lat' dir='ltr'><strong>Ibi</strong></span> <span class='ocrx_word' id='word_1_96' title='bbox 1078 907 1229 944; x_wconf 83' lang='lat' dir='ltr'><strong>viribus</strong></span> <span class='ocrx_word' id='word_1_97' title='bbox 1265 908 1378 944; x_wconf 90' lang='lat' dir='ltr'><strong>nulla</strong></span> <span class='ocrx_word' id='word_1_98' title='bbox 1416 910 1504 944; x_wconf 88' lang='lat' dir='ltr'><strong>arte</strong></span> 
     </span>
     <span class='ocr_line' id='line_1_14' title="bbox 182 969 1504 1006; baseline 0 0"><span class='ocrx_word' id='word_1_99' title='bbox 182 969 325 1006; x_wconf 88' lang='lat' dir='ltr'><strong>adiutis</strong></span> <span class='ocrx_word' id='word_1_100' title='bbox 370 973 533 1006; x_wconf 86' lang='lat' dir='ltr'><strong>tantum</strong></span> <span class='ocrx_word' id='word_1_101' title='bbox 577 969 756 1005; x_wconf 84' lang='lat' dir='ltr'><strong>veterani</strong></span> <span class='ocrx_word' id='word_1_102' title='bbox 795 970 932 1005; x_wconf 87' lang='lat' dir='ltr'><strong>robore</strong></span> <span class='ocrx_word' id='word_1_103' title='bbox 961 969 1154 1006; x_wconf 82' lang='lat' dir='ltr'><strong>exercitus</strong></span> <span class='ocrx_word' id='word_1_104' title='bbox 1194 982 1261 1006; x_wconf 86' lang='lat' dir='ltr'><strong>rex</strong></span> <span class='ocrx_word' id='word_1_105' title='bbox 1300 970 1504 1006; x_wconf 89' lang='lat' dir='ltr'><strong>Romanus</strong></span> 
     </span>
     <span class='ocr_line' id='line_1_15' title="bbox 182 1029 1503 1080; baseline 0 -13"><span class='ocrx_word' id='word_1_106' title='bbox 182 1031 285 1076; x_wconf 88' lang='lat' dir='ltr'><strong>vicit,</strong></span> <span class='ocrx_word' id='word_1_107' title='bbox 319 1034 624 1080; x_wconf 84' lang='lat' dir='ltr'><strong>persecutusque</strong></span> <span class='ocrx_word' id='word_1_108' title='bbox 661 1029 768 1066; x_wconf 86' lang='lat' dir='ltr'><strong>fusos</strong></span> <span class='ocrx_word' id='word_1_109' title='bbox 804 1029 854 1066; x_wconf 90' lang='lat' dir='ltr'><strong>ad</strong></span> <span class='ocrx_word' id='word_1_110' title='bbox 892 1030 1046 1066; x_wconf 90' lang='lat' dir='ltr'><strong>moenia</strong></span> <span class='ocrx_word' id='word_1_111' title='bbox 1082 1030 1213 1067; x_wconf 89' lang='lat' dir='ltr'><strong>hostes</strong></span> <span class='ocrx_word' id='word_1_112' title='bbox 1243 1031 1339 1067; x_wconf 90' lang='lat' dir='ltr'><strong>urbe</strong></span> <span class='ocrx_word' id='word_1_113' title='bbox 1371 1030 1503 1067; x_wconf 88' lang='lat' dir='ltr'><strong>valida</strong></span> 
     </span>
     <span class='ocr_line' id='line_1_16' title="bbox 182 1091 1505 1141; baseline -0.001 -13"><span class='ocrx_word' id='word_1_114' title='bbox 182 1093 305 1129; x_wconf 85' lang='lat' dir='ltr'><strong>muris</strong></span> <span class='ocrx_word' id='word_1_115' title='bbox 330 1105 375 1128; x_wconf 88' lang='lat' dir='ltr'><strong>ac</strong></span> <span class='ocrx_word' id='word_1_116' title='bbox 402 1092 482 1128; x_wconf 87' lang='lat' dir='ltr'><strong>situ</strong></span> <span class='ocrx_word' id='word_1_117' title='bbox 510 1092 592 1141; x_wconf 90' lang='lat' dir='ltr'><strong>ipso</strong></span> <span class='ocrx_word' id='word_1_118' title='bbox 620 1091 777 1127; x_wconf 87' lang='lat' dir='ltr'><strong>munita</strong></span> <span class='ocrx_word' id='word_1_119' title='bbox 805 1091 1021 1138; x_wconf 80' lang='lat' dir='ltr'><strong>abstinuit3</strong></span> <span class='ocrx_word' id='word_1_120' title='bbox 1050 1104 1165 1139; x_wconf 77' lang='lat' dir='ltr'><strong>agros</strong></span> <span class='ocrx_word' id='word_1_121' title='bbox 1192 1091 1344 1128; x_wconf 89' lang='lat' dir='ltr'><strong>rediens</strong></span> <span class='ocrx_word' id='word_1_122' title='bbox 1370 1094 1505 1128; x_wconf 87' lang='lat' dir='ltr'><strong>vastat</strong></span> 
     </span>
    </p>

    <p class='ocr_par' dir='ltr' id='par_1_6' title="bbox 141 1152 1504 1373">
     <span class='ocr_line' id='line_1_17' title="bbox 141 1152 1504 1207; baseline -0.001 -17"><span class='ocrx_word' id='word_1_123' title='bbox 141 1168 163 1207; x_wconf 84' lang='lat'><strong>5</strong></span> <span class='ocrx_word' id='word_1_124' title='bbox 182 1153 391 1190; x_wconf 89' lang='lat' dir='ltr'><strong>ulciscendi</strong></span> <span class='ocrx_word' id='word_1_125' title='bbox 416 1155 543 1202; x_wconf 84' lang='lat' dir='ltr'><strong>magis</strong></span> <span class='ocrx_word' id='word_1_126' title='bbox 565 1165 685 1201; x_wconf 89' lang='lat' dir='ltr'><strong>quam</strong></span> <span class='ocrx_word' id='word_1_127' title='bbox 708 1153 878 1201; x_wconf 83' lang='lat' dir='ltr'><strong>praedae</strong></span> <span class='ocrx_word' id='word_1_128' title='bbox 903 1152 1043 1189; x_wconf 86' lang='lat' dir='ltr'><strong>studio.</strong></span> <span class='ocrx_word' id='word_1_129' title='bbox 1100 1153 1238 1202; x_wconf 88' lang='lat' dir='ltr'><strong>anue</strong></span> <span class='ocrx_word' id='word_1_130' title='bbox 1265 1152 1372 1189; x_wconf 84' lang='lat' dir='ltr'><strong>clade</strong></span> <span class='ocrx_word' id='word_1_131' title='bbox 1398 1152 1504 1189; x_wconf 88' lang='lat' dir='ltr'><strong>haud</strong></span> 
     </span>
     <span class='ocr_line' id='line_1_18' title="bbox 182 1213 1502 1263; baseline -0.001 -12"><span class='ocrx_word' id='word_1_132' title='bbox 182 1215 312 1252; x_wconf 88' lang='lat' dir='ltr'><strong>minus</strong></span> <span class='ocrx_word' id='word_1_133' title='bbox 330 1227 449 1263; x_wconf 86' lang='lat' dir='ltr'><strong>quam</strong></span> <span class='ocrx_word' id='word_1_134' title='bbox 470 1214 632 1251; x_wconf 86' lang='lat' dir='ltr'><strong>adversa</strong></span> <span class='ocrx_word' id='word_1_135' title='bbox 650 1227 782 1263; x_wconf 83' lang='lat' dir='ltr'><strong>pugna</strong></span> <span class='ocrx_word' id='word_1_136' title='bbox 802 1213 955 1250; x_wconf 84' lang='lat' dir='ltr'><strong>subacti</strong></span> <span class='ocrx_word' id='word_1_137' title='bbox 976 1213 1162 1250; x_wconf 82' lang='lat' dir='ltr'><strong>Veientes</strong></span> <span class='ocrx_word' id='word_1_138' title='bbox 1181 1226 1315 1262; x_wconf 81' lang='lat' dir='ltr'><strong>pacem</strong></span> <span class='ocrx_word' id='word_1_139' title='bbox 1334 1214 1502 1262; x_wconf 88' lang='lat' dir='ltr'><strong>petitum</strong></span> 
     </span>
     <span class='ocr_line' id='line_1_19' title="bbox 182 1274 1503 1323; baseline -0.001 -11"><span class='ocrx_word' id='word_1_140' title='bbox 182 1279 356 1312; x_wconf 85' lang='lat' dir='ltr'><strong>oratores</strong></span> <span class='ocrx_word' id='word_1_141' title='bbox 384 1275 551 1311; x_wconf 87' lang='lat' dir='ltr'><strong>Romam</strong></span> <span class='ocrx_word' id='word_1_142' title='bbox 572 1275 751 1310; x_wconf 90' lang='lat' dir='ltr'><strong>mittunt.</strong></span> <span class='ocrx_word' id='word_1_143' title='bbox 809 1274 908 1323; x_wconf 80' lang='lat' dir='ltr'><strong>Agri</strong></span> <span class='ocrx_word' id='word_1_144' title='bbox 933 1278 1047 1322; x_wconf 87' lang='lat' dir='ltr'><strong>parte</strong></span> <span class='ocrx_word' id='word_1_145' title='bbox 1072 1274 1253 1311; x_wconf 89' lang='lat' dir='ltr'><strong>multatis</strong></span> <span class='ocrx_word' id='word_1_146' title='bbox 1277 1275 1319 1311; x_wconf 89' lang='lat' dir='ltr'><strong>in</strong></span> <span class='ocrx_word' id='word_1_147' title='bbox 1345 1279 1503 1311; x_wconf 86' lang='lat' dir='ltr'><strong>centum</strong></span> 
     </span>
     <span class='ocr_line' id='line_1_20' title="bbox 183 1336 651 1373; baseline -0.002 0"><span class='ocrx_word' id='word_1_148' title='bbox 183 1349 308 1373; x_wconf 87' lang='lat' dir='ltr'><strong>annos</strong></span> <span class='ocrx_word' id='word_1_149' title='bbox 327 1336 504 1372; x_wconf 86' lang='lat' dir='ltr'><strong>indutiae</strong></span> <span class='ocrx_word' id='word_1_150' title='bbox 524 1336 651 1372; x_wconf 86' lang='lat' dir='ltr'><strong>datae.</strong></span> 
     </span>
    </p>

    <p class='ocr_par' dir='ltr' id='par_1_7' title="bbox 143 1396 1505 1631">
     <span class='ocr_line' id='line_1_21' title="bbox 143 1396 1503 1446; baseline 0 -12"><span class='ocrx_word' id='word_1_151' title='bbox 143 1408 164 1443; x_wconf 86' lang='lat'><strong>6</strong></span> <span class='ocrx_word' id='word_1_152' title='bbox 238 1398 350 1434; x_wconf 92' lang='lat' dir='ltr'><strong>Haec</strong></span> <span class='ocrx_word' id='word_1_153' title='bbox 382 1397 506 1434; x_wconf 86' lang='lat' dir='ltr'><strong>ferme</strong></span> <span class='ocrx_word' id='word_1_154' title='bbox 537 1396 706 1433; x_wconf 86' lang='lat' dir='ltr'><strong>Romulo</strong></span> <span class='ocrx_word' id='word_1_155' title='bbox 735 1400 930 1445; x_wconf 84' lang='lat' dir='ltr'><strong>regnante</strong></span> <span class='ocrx_word' id='word_1_156' title='bbox 966 1396 1070 1432; x_wconf 89' lang='lat' dir='ltr'><strong>domi</strong></span> <span class='ocrx_word' id='word_1_157' title='bbox 1107 1397 1351 1445; x_wconf 82' lang='lat' dir='ltr'><strong>militiaeque</strong></span> <span class='ocrx_word' id='word_1_158' title='bbox 1382 1400 1503 1446; x_wconf 87' lang='lat' dir='ltr'><strong>gesta,</strong></span> 
     </span>
     <span class='ocr_line' id='line_1_22' title="bbox 183 1457 1504 1508; baseline 0 -13"><span class='ocrx_word' id='word_1_159' title='bbox 183 1472 350 1508; x_wconf 88' lang='lat' dir='ltr'><strong>quorum</strong></span> <span class='ocrx_word' id='word_1_160' title='bbox 369 1458 468 1495; x_wconf 88' lang='lat' dir='ltr'><strong>nihil</strong></span> <span class='ocrx_word' id='word_1_161' title='bbox 496 1458 686 1494; x_wconf 88' lang='lat' dir='ltr'><strong>absonum</strong></span> <span class='ocrx_word' id='word_1_162' title='bbox 718 1457 809 1493; x_wconf 83' lang='lat' dir='ltr'><strong>fidei</strong></span> <span class='ocrx_word' id='word_1_163' title='bbox 837 1457 993 1493; x_wconf 80' lang='lat' dir='ltr'><strong>divinae</strong></span> <span class='ocrx_word' id='word_1_164' title='bbox 1020 1457 1180 1506; x_wconf 85' lang='lat' dir='ltr'><strong>originis</strong></span> <span class='ocrx_word' id='word_1_165' title='bbox 1208 1458 1504 1507; x_wconf 87' lang='lat' dir='ltr'><strong>divinitatisque</strong></span> 
     </span>
     <span class='ocr_line' id='line_1_23' title="bbox 184 1517 1505 1570; baseline -0.001 -13"><span class='ocrx_word' id='word_1_166' title='bbox 184 1524 272 1570; x_wconf 89' lang='lat' dir='ltr'><strong>post</strong></span> <span class='ocrx_word' id='word_1_167' title='bbox 314 1523 478 1556; x_wconf 89' lang='lat' dir='ltr'><strong>mortem</strong></span> <span class='ocrx_word' id='word_1_168' title='bbox 517 1519 687 1556; x_wconf 83' lang='lat' dir='ltr'><strong>creditae</strong></span> <span class='ocrx_word' id='word_1_169' title='bbox 723 1517 814 1561; x_wconf 87' lang='lat' dir='ltr'><strong>fuit,</strong></span> <span class='ocrx_word' id='word_1_170' title='bbox 853 1530 933 1554; x_wconf 88' lang='lat' dir='ltr'><strong>non</strong></span> <span class='ocrx_word' id='word_1_171' title='bbox 970 1518 1126 1555; x_wconf 87' lang='lat' dir='ltr'><strong>animus</strong></span> <span class='ocrx_word' id='word_1_172' title='bbox 1162 1519 1204 1555; x_wconf 89' lang='lat' dir='ltr'><strong>in</strong></span> <span class='ocrx_word' id='word_1_173' title='bbox 1240 1532 1361 1568; x_wconf 86' lang='lat' dir='ltr'><strong>regno</strong></span> <span class='ocrx_word' id='word_1_174' title='bbox 1397 1520 1505 1556; x_wconf 87' lang='lat' dir='ltr'><strong>avito</strong></span> 
     </span>
     <span class='ocr_line' id='line_1_24' title="bbox 184 1580 1504 1631; baseline 0 -13"><span class='ocrx_word' id='word_1_175' title='bbox 184 1581 461 1631; x_wconf 87' lang='lat' dir='ltr'><strong>recuperando,</strong></span> <span class='ocrx_word' id='word_1_176' title='bbox 491 1594 570 1617; x_wconf 87' lang='lat' dir='ltr'><strong>non</strong></span> <span class='ocrx_word' id='word_1_177' title='bbox 598 1580 822 1617; x_wconf 89' lang='lat' dir='ltr'><strong>condendae</strong></span> <span class='ocrx_word' id='word_1_178' title='bbox 850 1580 959 1617; x_wconf 90' lang='lat' dir='ltr'><strong>urbis</strong></span> <span class='ocrx_word' id='word_1_179' title='bbox 986 1581 1201 1626; x_wconf 85' lang='lat' dir='ltr'><strong>consilium,</strong></span> <span class='ocrx_word' id='word_1_180' title='bbox 1225 1593 1305 1618; x_wconf 89' lang='lat' dir='ltr'><strong>non</strong></span> <span class='ocrx_word' id='word_1_181' title='bbox 1334 1581 1434 1617; x_wconf 90' lang='lat' dir='ltr'><strong>bello</strong></span> <span class='ocrx_word' id='word_1_182' title='bbox 1459 1594 1504 1618; x_wconf 83' lang='lat' dir='ltr'><strong>ac</strong></span> 
     </span>
    </p>

    <p class='ocr_par' dir='ltr' id='par_1_8' title="bbox 145 1641 1503 1753">
     <span class='ocr_line' id='line_1_25' title="bbox 145 1641 1503 1702; baseline -0.001 -22"><span class='ocrx_word' id='word_1_183' title='bbox 145 1662 165 1702; x_wconf 89' lang='lat'><em>7</em></span> <span class='ocrx_word' id='word_1_184' title='bbox 184 1657 277 1693; x_wconf 85' lang='lat' dir='ltr'><strong>pace</strong></span> <span class='ocrx_word' id='word_1_185' title='bbox 295 1642 523 1679; x_wconf 87' lang='lat' dir='ltr'><strong>firmandae.</strong></span> <span class='ocrx_word' id='word_1_186' title='bbox 565 1642 632 1678; x_wconf 91' lang='lat' dir='ltr'><strong>Ab</strong></span> <span class='ocrx_word' id='word_1_187' title='bbox 651 1642 716 1678; x_wconf 89' lang='lat' dir='ltr'><strong>illo</strong></span> <span class='ocrx_word' id='word_1_188' title='bbox 736 1642 840 1678; x_wconf 91' lang='lat' dir='ltr'><strong>enim</strong></span> <span class='ocrx_word' id='word_1_189' title='bbox 860 1641 1036 1691; x_wconf 84' lang='lat' dir='ltr'><strong>profecto</strong></span> <span class='ocrx_word' id='word_1_190' title='bbox 1055 1642 1204 1679; x_wconf 87' lang='lat' dir='ltr'><strong>viribus</strong></span> <span class='ocrx_word' id='word_1_191' title='bbox 1223 1642 1327 1679; x_wconf 88' lang='lat' dir='ltr'><strong>datis</strong></span> <span class='ocrx_word' id='word_1_192' title='bbox 1344 1647 1503 1679; x_wconf 87' lang='lat' dir='ltr'><strong>tantum</strong></span> 
     </span>
     <span class='ocr_line' id='line_1_26' title="bbox 185 1702 1503 1753; baseline 0.001 -14"><span class='ocrx_word' id='word_1_193' title='bbox 185 1704 322 1749; x_wconf 87' lang='lat' dir='ltr'><strong>valuit,</strong></span> <span class='ocrx_word' id='word_1_194' title='bbox 360 1706 407 1739; x_wconf 89' lang='lat' dir='ltr'><strong>ut</strong></span> <span class='ocrx_word' id='word_1_195' title='bbox 453 1703 494 1739; x_wconf 92' lang='lat' dir='ltr'><strong>in</strong></span> <span class='ocrx_word' id='word_1_196' title='bbox 540 1702 809 1751; x_wconf 82' lang='lat' dir='ltr'><strong>quadraginta</strong></span> <span class='ocrx_word' id='word_1_197' title='bbox 855 1703 995 1739; x_wconf 89' lang='lat' dir='ltr'><strong>deinde</strong></span> <span class='ocrx_word' id='word_1_198' title='bbox 1041 1716 1165 1740; x_wconf 88' lang='lat' dir='ltr'><strong>annos</strong></span> <span class='ocrx_word' id='word_1_199' title='bbox 1201 1707 1333 1740; x_wconf 87' lang='lat' dir='ltr'><strong>tutam</strong></span> <span class='ocrx_word' id='word_1_200' title='bbox 1370 1716 1503 1753; x_wconf 89' lang='lat' dir='ltr'><strong>pacem</strong></span> 
     </span>
    </p>

    <p class='ocr_par' dir='ltr' id='par_1_9' title="bbox 144 1760 1504 1995">
     <span class='ocr_line' id='line_1_27' title="bbox 144 1760 1502 1813; baseline 0 -12"><span class='ocrx_word' id='word_1_201' title='bbox 144 1760 166 1796; x_wconf 87' lang='lat'>8</span> <span class='ocrx_word' id='word_1_202' title='bbox 185 1765 357 1801; x_wconf 87' lang='lat' dir='ltr'><strong>haberet.</strong></span> <span class='ocrx_word' id='word_1_203' title='bbox 414 1763 668 1800; x_wconf 89' lang='lat' dir='ltr'><strong>Multitudini</strong></span> <span class='ocrx_word' id='word_1_204' title='bbox 697 1767 833 1800; x_wconf 85' lang='lat' dir='ltr'><strong>tamen</strong></span> <span class='ocrx_word' id='word_1_205' title='bbox 868 1764 1020 1812; x_wconf 81' lang='lat' dir='ltr'><strong>gratior</strong></span> <span class='ocrx_word' id='word_1_206' title='bbox 1052 1763 1130 1800; x_wconf 85' lang='lat' dir='ltr'><strong>fuit</strong></span> <span class='ocrx_word' id='word_1_207' title='bbox 1163 1777 1283 1813; x_wconf 88' lang='lat' dir='ltr'><strong>quam</strong></span> <span class='ocrx_word' id='word_1_208' title='bbox 1311 1765 1502 1813; x_wconf 85' lang='lat' dir='ltr'><strong>patribus,</strong></span> 
     </span>
     <span class='ocr_line' id='line_1_28' title="bbox 185 1824 1504 1874; baseline 0.001 -13"><span class='ocrx_word' id='word_1_209' title='bbox 185 1826 298 1873; x_wconf 84' lang='lat' dir='ltr'><strong>longe</strong></span> <span class='ocrx_word' id='word_1_210' title='bbox 317 1828 412 1861; x_wconf 85' lang='lat' dir='ltr'><strong>ante</strong></span> <span class='ocrx_word' id='word_1_211' title='bbox 431 1824 527 1861; x_wconf 89' lang='lat' dir='ltr'><strong>alios</strong></span> <span class='ocrx_word' id='word_1_212' title='bbox 546 1825 838 1873; x_wconf 83' lang='lat' dir='ltr'><strong>acceptissimus</strong></span> <span class='ocrx_word' id='word_1_213' title='bbox 857 1825 1029 1861; x_wconf 88' lang='lat' dir='ltr'><strong>militum</strong></span> <span class='ocrx_word' id='word_1_214' title='bbox 1049 1824 1213 1862; x_wconf 89' lang='lat' dir='ltr'><strong>animis:</strong></span> <span class='ocrx_word' id='word_1_215' title='bbox 1233 1828 1504 1874; x_wconf 88' lang='lat' dir='ltr'><strong>trecentosque</strong></span> 
     </span>
     <span class='ocr_line' id='line_1_29' title="bbox 185 1885 1503 1935; baseline 0.001 -13"><span class='ocrx_word' id='word_1_216' title='bbox 185 1889 358 1922; x_wconf 82' lang='lat' dir='ltr'><strong>armatos</strong></span> <span class='ocrx_word' id='word_1_217' title='bbox 377 1885 427 1921; x_wconf 93' lang='lat' dir='ltr'><strong>ad</strong></span> <span class='ocrx_word' id='word_1_218' title='bbox 446 1885 662 1922; x_wconf 87' lang='lat' dir='ltr'><strong>custodiam</strong></span> <span class='ocrx_word' id='word_1_219' title='bbox 683 1885 864 1934; x_wconf 88' lang='lat' dir='ltr'><strong>corporis,</strong></span> <span class='ocrx_word' id='word_1_220' title='bbox 886 1898 981 1934; x_wconf 92' lang='lat' dir='ltr'><strong>quos</strong></span> <span class='ocrx_word' id='word_1_221' title='bbox 1008 1886 1160 1922; x_wconf 80' lang='lat' dir='ltr'><strong>Celeres</strong></span> <span class='ocrx_word' id='word_1_222' title='bbox 1182 1886 1405 1935; x_wconf 82' lang='lat' dir='ltr'><strong>appellavit,</strong></span> <span class='ocrx_word' id='word_1_223' title='bbox 1425 1899 1503 1923; x_wconf 91' lang='lat' dir='ltr'><strong>non</strong></span> 
     </span>
     <span class='ocr_line' id='line_1_30' title="bbox 185 1946 1061 1995; baseline -0.002 -11"><span class='ocrx_word' id='word_1_224' title='bbox 185 1948 227 1984; x_wconf 91' lang='lat' dir='ltr'><strong>in</strong></span> <span class='ocrx_word' id='word_1_225' title='bbox 247 1946 347 1982; x_wconf 91' lang='lat' dir='ltr'><strong>bello</strong></span> <span class='ocrx_word' id='word_1_226' title='bbox 365 1946 490 1983; x_wconf 91' lang='lat' dir='ltr'><strong>solum</strong></span> <span class='ocrx_word' id='word_1_227' title='bbox 510 1946 576 1982; x_wconf 86' lang='lat' dir='ltr'><strong>sed</strong></span> <span class='ocrx_word' id='word_1_228' title='bbox 596 1946 715 1982; x_wconf 82' lang='lat' dir='ltr'><strong>etiam</strong></span> <span class='ocrx_word' id='word_1_229' title='bbox 733 1946 776 1982; x_wconf 90' lang='lat' dir='ltr'><strong>in</strong></span> <span class='ocrx_word' id='word_1_230' title='bbox 794 1958 889 1995; x_wconf 88' lang='lat' dir='ltr'><strong>pace</strong></span> <span class='ocrx_word' id='word_1_231' title='bbox 909 1946 1061 1983; x_wconf 86' lang='lat' dir='ltr'><strong>habuit.</strong></span> 
     </span>
    </p>

    <p class='ocr_par' dir='ltr' id='par_1_10' title="bbox 146 2034 164 2058">
     <span class='ocr_line' id='line_1_31' title="bbox 146 2034 164 2058; baseline 0 0"><span class='ocrx_word' id='word_1_232' title='bbox 146 2034 164 2058; x_wconf 75' lang='grc' dir='ltr'>τ</span> 
     </span>
    </p>

    <p class='ocr_par' dir='ltr' id='par_1_11' title="bbox 187 2068 1505 2299">
     <span class='ocr_line' id='line_1_32' title="bbox 239 2068 1504 2117; baseline 0 -12"><span class='ocrx_word' id='word_1_233' title='bbox 239 2068 357 2105; x_wconf 91' lang='lat' dir='ltr'><strong>XVI.</strong></span> <span class='ocrx_word' id='word_1_234' title='bbox 389 2069 466 2104; x_wconf 87' lang='lat' dir='ltr'><strong>His</strong></span> <span class='ocrx_word' id='word_1_235' title='bbox 493 2068 771 2104; x_wconf 82' lang='lat' dir='ltr'><strong>inmortalibus</strong></span> <span class='ocrx_word' id='word_1_236' title='bbox 806 2068 920 2104; x_wconf 84' lang='lat' dir='ltr'><strong>editis</strong></span> <span class='ocrx_word' id='word_1_237' title='bbox 948 2069 1128 2117; x_wconf 86' lang='lat' dir='ltr'><strong>operibus</strong></span> <span class='ocrx_word' id='word_1_238' title='bbox 1154 2081 1241 2105; x_wconf 89' lang='lat' dir='ltr'><strong>cum</strong></span> <span class='ocrx_word' id='word_1_239' title='bbox 1275 2069 1325 2105; x_wconf 84' lang='lat' dir='ltr'><strong>ad</strong></span> <span class='ocrx_word' id='word_1_240' title='bbox 1362 2070 1504 2105; x_wconf 83' lang='lat' dir='ltr'><strong>exerci-</strong></span> 
     </span>
     <span class='ocr_line' id='line_1_33' title="bbox 187 2129 1503 2179; baseline 0 -13"><span class='ocrx_word' id='word_1_241' title='bbox 187 2134 273 2166; x_wconf 87' lang='lat' dir='ltr'><strong>tum</strong></span> <span class='ocrx_word' id='word_1_242' title='bbox 297 2129 575 2166; x_wconf 83' lang='lat' dir='ltr'><strong>recensendum</strong></span> <span class='ocrx_word' id='word_1_243' title='bbox 599 2129 818 2166; x_wconf 90' lang='lat' dir='ltr'><strong>contionem</strong></span> <span class='ocrx_word' id='word_1_244' title='bbox 847 2129 889 2165; x_wconf 92' lang='lat' dir='ltr'><strong>in</strong></span> <span class='ocrx_word' id='word_1_245' title='bbox 912 2142 1048 2178; x_wconf 80' lang='lat' dir='ltr'><strong>campo</strong></span> <span class='ocrx_word' id='word_1_246' title='bbox 1070 2129 1121 2165; x_wconf 82' lang='lat' dir='ltr'><strong>ad</strong></span> <span class='ocrx_word' id='word_1_247' title='bbox 1144 2130 1295 2178; x_wconf 83' lang='lat' dir='ltr'><strong>Caprae</strong></span> <span class='ocrx_word' id='word_1_248' title='bbox 1323 2130 1503 2179; x_wconf 81' lang='lat' dir='ltr'><strong>paludem</strong></span> 
     </span>
     <span class='ocr_line' id='line_1_34' title="bbox 188 2190 1505 2239; baseline 0 -13"><span class='ocrx_word' id='word_1_249' title='bbox 188 2190 362 2236; x_wconf 83' lang='lat' dir='ltr'><strong>haberet,</strong></span> <span class='ocrx_word' id='word_1_250' title='bbox 390 2190 520 2226; x_wconf 87' lang='lat' dir='ltr'><strong>subito</strong></span> <span class='ocrx_word' id='word_1_251' title='bbox 542 2193 674 2225; x_wconf 88' lang='lat' dir='ltr'><strong>coorta</strong></span> <span class='ocrx_word' id='word_1_252' title='bbox 700 2193 914 2238; x_wconf 79' lang='lat' dir='ltr'><strong>tempestas</strong></span> <span class='ocrx_word' id='word_1_253' title='bbox 938 2202 1024 2226; x_wconf 86' lang='lat' dir='ltr'><strong>cum</strong></span> <span class='ocrx_word' id='word_1_254' title='bbox 1055 2202 1197 2238; x_wconf 83' lang='lat' dir='ltr'><strong>magno</strong></span> <span class='ocrx_word' id='word_1_255' title='bbox 1226 2190 1379 2239; x_wconf 78' lang='lat' dir='ltr'><strong>fragore</strong></span> <span class='ocrx_word' id='word_1_256' title='bbox 1405 2191 1505 2227; x_wconf 87' lang='lat' dir='ltr'><strong>toni-</strong></span> 
     </span>
     <span class='ocr_line' id='line_1_35' title="bbox 188 2250 1502 2299; baseline 0 -12"><span class='ocrx_word' id='word_1_257' title='bbox 188 2251 392 2299; x_wconf 87' lang='lat' dir='ltr'><strong>tribusque</strong></span> <span class='ocrx_word' id='word_1_258' title='bbox 419 2254 499 2286; x_wconf 83' lang='lat' dir='ltr'><strong>tam</strong></span> <span class='ocrx_word' id='word_1_259' title='bbox 531 2250 649 2286; x_wconf 89' lang='lat' dir='ltr'><strong>denso</strong></span> <span class='ocrx_word' id='word_1_260' title='bbox 673 2261 803 2299; x_wconf 88' lang='lat' dir='ltr'><strong>regem</strong></span> <span class='ocrx_word' id='word_1_261' title='bbox 830 2250 985 2299; x_wconf 88' lang='lat' dir='ltr'><strong>operuit</strong></span> <span class='ocrx_word' id='word_1_262' title='bbox 1009 2250 1154 2296; x_wconf 90' lang='lat' dir='ltr'><strong>nimbo,</strong></span> <span class='ocrx_word' id='word_1_263' title='bbox 1184 2253 1229 2286; x_wconf 89' lang='lat' dir='ltr'><strong>ut</strong></span> <span class='ocrx_word' id='word_1_264' title='bbox 1257 2254 1502 2299; x_wconf 87' lang='lat' dir='ltr'><strong>conspectum</strong></span> 
     </span>
    </p>
   </div>
  </div>
 </body>
</html>
