1674 2506
152 122 201 160 28
734 135 825 161 mvi?
851 136 877 161 1.

151 237 276 262 novae
295 225 414 272 urbis,
434 239 620 263 maxume
649 226 817 276 proximi
845 227 1002 276 quique,
1024 226 1286 264 Caeninenses
1307 227 1474 264 Crustu-

111 295 133 330 9
151 287 250 324 mini
276 288 545 325 Antemnates
559 302 570 336 3
599 289 679 325 iam
713 288 949 326 Sabinorum
983 290 1108 325 omnis
1137 288 1355 326 multitudo
1382 302 1474 326 cum

150 348 283 386 liberis
301 363 347 386 ac
367 350 595 398 coniugibus
615 352 734 388 venit.
791 350 965 387 Invitati
984 350 1234 399 hospitaliter
1253 363 1323 400 per
1343 350 1476 387 domos

150 423 238 447 cum
258 411 379 447 situm
399 411 631 460 moeniaque
649 416 689 449 et
717 412 962 461 frequentem
983 412 1098 449 tectis
1116 412 1255 449 urbem
1275 412 1474 458 vidissent,

89 481 133 504 10
151 471 351 508 mirantur
369 475 454 508 tam
474 472 583 509 brevi
596 485 679 509 rem
695 473 919 510 Romanam
935 473 1112 510 crevisse.
1169 473 1251 510 Ubi
1265 473 1475 522 spectaculi

151 536 306 582 tempus
333 533 454 580 venit,
483 533 714 583 deditaeque
740 547 784 571 eo
813 538 964 571 mentes
992 547 1081 571 cum
1101 534 1222 572 oculis
1241 538 1367 581 erant,
1387 538 1475 571 tum

150 606 199 630 ex
216 595 427 643 composito
445 598 534 632 orta
563 596 631 642 vis,
661 597 849 645 signoque
879 595 973 632 dato
1000 595 1186 632 iuventus
1216 596 1399 633 Romana
1424 596 1475 633 ad

86 665 127 690 11
150 656 356 706 rapiendas
388 656 558 705 virgines
588 658 783 695 discurrit.
842 657 993 706 Magna
1021 671 1113 706 pars
1141 657 1255 704 forte,
1284 658 1327 695 in
1358 669 1475 707 quem

149 730 329 768 quaeque
374 717 580 764 inciderat,
618 723 759 769 raptae
771 733 781 766 3
829 719 1020 768 quasdam
1068 718 1196 755 forma
1244 719 1476 756 excellentes

149 780 386 829 primoribus
414 783 576 829 patrum
615 781 834 818 destinatas
870 793 918 817 ex
956 781 1066 830 plebe
1103 781 1291 826 homines,
1331 780 1476 829 quibus

88 851 130 876 12
150 842 287 878 datum
306 842 507 890 negotium
527 846 626 889 erat,
642 843 773 879 domos
793 842 1038 879 deferebant.
1096 843 1233 880 Unam
1247 843 1362 891 longe
1381 845 1476 878 ante

149 904 246 940 alias
265 903 388 952 specie
406 916 452 940 ac
470 904 764 952 pulchritudine
783 904 976 953 insignem
997 917 1021 940 a
1034 904 1147 953 globo
1166 904 1331 941 Talassii
1351 904 1476 941 cuius-

149 964 240 1001 dam
268 969 425 1013 raptam
458 964 606 1011 ferunt,
637 966 851 1014 multisque
879 965 1182 1012 sciscitantibus,
1212 966 1370 1002 cuinam
1389 978 1476 1002 eam

140 1025 313 1071 ferrent,
334 1025 560 1072 identidem,
582 1040 631 1064 ne
652 1027 739 1076 quis
765 1026 944 1072 violaret,
974 1026 1149 1064 Talassio
1175 1027 1273 1063 ferri
1300 1027 1476 1064 clamita-

87 1099 131 1135 13
150 1092 262 1125 tum:
291 1086 383 1123 inde
412 1087 633 1136 nuptialem
667 1088 771 1125 hanc
807 1100 938 1125 vocem
976 1087 1136 1126 factam.
1194 1089 1370 1125 Turbato
1406 1101 1477 1138 per

149 1154 299 1186 metum
324 1149 474 1186 ludicro
506 1150 650 1186 maesti
670 1154 854 1200 parentes
873 1149 1073 1199 virginum
1094 1150 1340 1200 profugiunt,
1368 1150 1468 1186 incu-

149 1214 283 1248 santes
315 1211 452 1247 violati
484 1211 645 1260 hospitii
682 1212 819 1249 foedus
856 1212 1050 1261 deumque
1087 1212 1327 1258 invocantes,
1366 1212 1476 1249 cuius

149 1273 200 1310 ad
231 1273 417 1309 sollemne
446 1273 633 1322 ludosque
666 1286 736 1323 per
764 1273 826 1310 fas
855 1287 900 1310 ac
931 1274 1047 1311 fidem
1077 1274 1228 1323 decepti
1263 1274 1473 1311 venissent.

89 1347 133 1381 14
148 1334 233 1371 Nec
251 1335 376 1383 raptis
403 1339 475 1371 aut
503 1348 589 1384 spes
616 1335 663 1371 de
692 1348 732 1372 se
758 1335 894 1372 melior
923 1341 994 1372 aut
1014 1335 1236 1385 indignatio
1255 1339 1315 1372 est
1334 1335 1472 1372 minor.

150 1396 226 1434 Sed
244 1397 324 1446 ipse
345 1396 537 1433 Romulus
549 1396 794 1443 circumibat,
808 1396 1049 1445 docebatque
1064 1401 1222 1446 patrum
1237 1397 1278 1433 id
1292 1396 1475 1445 superbia

149 1457 313 1504 factum,
343 1457 412 1506 qui
439 1457 651 1494 conubium
679 1458 860 1494 finitimis
880 1461 1102 1507 negassent.
1159 1458 1254 1494 Illas
1274 1462 1410 1494 tamen
1429 1457 1471 1494 in

148 1520 413 1566 matrimonio,
442 1519 484 1556 in
512 1519 696 1556 societate
725 1518 979 1556 fortunarum
1005 1520 1182 1556 omnium
1211 1519 1474 1569 civitatisque,

149 1583 200 1626 et,
247 1593 323 1629 quo
368 1579 470 1616 nihil
515 1580 644 1617 carius
690 1580 865 1617 humano
902 1580 1038 1630 generi
1076 1581 1139 1627 sit,
1173 1581 1341 1618 liberum
1378 1580 1472 1617 fore.

86 1657 129 1695 15
150 1642 354 1679 Mollirent
373 1642 487 1678 modo
506 1642 596 1687 iras,
627 1646 668 1679 et
691 1642 834 1691 quibus
852 1642 933 1679 fors
952 1655 1109 1692 corpora
1132 1643 1309 1689 dedisset,
1332 1642 1476 1679 darent

149 1704 310 1741 animos.
369 1703 491 1753 Saepe
509 1716 557 1740 ex
576 1703 722 1741 iniuria
742 1704 989 1752 postmodum
1005 1706 1177 1754 gratiam
1192 1709 1333 1751 ortam,
1354 1717 1475 1753 eoque

150 1765 375 1802 melioribus
394 1778 536 1802 usuras
555 1765 661 1811 viris,
693 1765 796 1814 quod
825 1765 1034 1802 adnisurus
1061 1778 1132 1814 pro
1159 1778 1200 1802 se
1227 1766 1392 1815 quisque
1410 1766 1474 1809 sit,

149 1830 206 1873 ut,
241 1839 331 1863 cum
361 1839 474 1863 suam
494 1827 616 1863 vicem
650 1827 814 1864 functus
845 1827 966 1864 officio
995 1828 1058 1874 sit,
1090 1827 1318 1876 parentium
1351 1827 1473 1863 etiam

86 1894 129 1929 16
150 1888 381 1937 patriaeque
431 1888 587 1937 expleat
635 1888 880 1926 desiderium.
955 1889 1206 1926 Accedebant
1256 1888 1476 1925 blanditiae

149 1949 324 1986 virorum
352 1949 504 1986 factum
533 1950 795 1999 purgantium
815 1950 1044 1999 cupididate
1064 1954 1186 1999 atque
1206 1962 1350 1996 amore,
1371 1961 1474 1998 quae

149 2010 319 2048 maxime
334 2010 385 2047 ad
403 2011 594 2048 muliebre
612 2012 815 2060 ingenium
834 2011 1005 2048 efficaces
1023 2024 1155 2060 preces
1173 2015 1279 2049 sunt.

112 2150 128 2175 1
201 2133 255 2171 X.
286 2133 375 2170 Iam
396 2133 607 2170 admodum
635 2133 809 2183 mitigati
838 2133 962 2170 animi
981 2134 1108 2182 raptis
1127 2138 1252 2170 erant.
1308 2134 1370 2170 At
1388 2145 1474 2182 rap-

150 2199 285 2232 tarum
314 2201 497 2244 parentes
531 2198 616 2231 tum
649 2195 821 2231 maxime
848 2194 1003 2231 sordida
1031 2199 1137 2231 veste
1163 2195 1411 2244 lacrimisque
1432 2198 1474 2231 et

150 2257 333 2306 querellis
360 2257 541 2293 civitates
568 2258 833 2294 concitabant.
891 2257 974 2293 Nec
993 2257 1097 2293 domi
1116 2260 1278 2294 tantum
1298 2256 1474 2305 indigna-
