<?xml version="1.0" encoding="UTF-8"?>
<!DOCTYPE html PUBLIC "-//W3C//DTD XHTML 1.0 Transitional//EN"
    "http://www.w3.org/TR/xhtml1/DTD/xhtml1-transitional.dtd">
<html xmlns="http://www.w3.org/1999/xhtml" xml:lang="en" lang="en">
 <head>
  <title>
</title>
<meta http-equiv="Content-Type" content="text/html;charset=utf-8" />
  <meta name='ocr-system' content='tesseract 3.04.00' />
  <meta name='ocr-capabilities' content='ocr_page ocr_carea ocr_par ocr_line ocrx_word'/>
</head>
<body>
  <div class='ocr_page' id='page_1' title='image "./bookimas00livyuoft_0072.png"; bbox 0 0 1674 2506; ppageno 0'>
   <div class='ocr_carea' id='block_1_1' title="bbox 177 127 910 165">
    <p class='ocr_par' dir='ltr' id='par_1_1' title="bbox 177 127 910 165">
     <span class='ocr_line' id='line_1_1' title="bbox 177 127 910 165; baseline -0.005 0"><span class='ocrx_word' id='word_1_1' title='bbox 177 127 227 165; x_wconf 87' lang='grc'>68</span> <span class='ocrx_word' id='word_1_2' title='bbox 765 137 858 162; x_wconf 83' lang='lat' dir='ltr'><strong>LIVY</strong></span> <span class='ocrx_word' id='word_1_3' title='bbox 887 138 910 162; x_wconf 93' lang='lat'>1.</span> 
     </span>
    </p>
   </div>
   <div class='ocr_carea' id='block_1_2' title="bbox 135 229 1506 2172">
    <p class='ocr_par' dir='ltr' id='par_1_2' title="bbox 135 229 1506 2172">
     <span class='ocr_line' id='line_1_2' title="bbox 175 229 1500 280; baseline 0 -12"><span class='ocrx_word' id='word_1_4' title='bbox 175 231 287 280; x_wconf 84' lang='lat' dir='ltr'>regni</span> <span class='ocrx_word' id='word_1_5' title='bbox 323 230 491 268; x_wconf 90' lang='lat' dir='ltr'>minuit:</span> <span class='ocrx_word' id='word_1_6' title='bbox 537 230 657 266; x_wconf 90' lang='lat' dir='ltr'>immo</span> <span class='ocrx_word' id='word_1_7' title='bbox 693 242 737 267; x_wconf 89' lang='lat' dir='ltr'>eo</span> <span class='ocrx_word' id='word_1_8' title='bbox 773 229 986 278; x_wconf 80' lang='lat' dir='ltr'>inpensius,</span> <span class='ocrx_word' id='word_1_9' title='bbox 1026 229 1119 278; x_wconf 91' lang='lat' dir='ltr'>quia</span> <span class='ocrx_word' id='word_1_10' title='bbox 1160 229 1207 266; x_wconf 90' lang='lat' dir='ltr'>de</span> <span class='ocrx_word' id='word_1_11' title='bbox 1245 242 1339 279; x_wconf 83' lang='lat' dir='ltr'>agro</span> <span class='ocrx_word' id='word_1_12' title='bbox 1378 231 1500 280; x_wconf 86' lang='lat' dir='ltr'>plebis</span> 
     </span>
     <span class='ocr_line' id='line_1_3' title="bbox 175 290 1500 341; baseline 0 -13"><span class='ocrx_word' id='word_1_13' title='bbox 175 292 338 329; x_wconf 87' lang='lat' dir='ltr'>adversa</span> <span class='ocrx_word' id='word_1_14' title='bbox 365 295 528 341; x_wconf 88' lang='lat' dir='ltr'>patrum</span> <span class='ocrx_word' id='word_1_15' title='bbox 561 291 768 327; x_wconf 86' lang='lat' dir='ltr'>voluntate</span> <span class='ocrx_word' id='word_1_16' title='bbox 801 294 978 327; x_wconf 89' lang='lat' dir='ltr'>senserat</span> <span class='ocrx_word' id='word_1_17' title='bbox 1005 291 1080 339; x_wconf 87' lang='lat' dir='ltr'>agi,</span> <span class='ocrx_word' id='word_1_18' title='bbox 1110 290 1347 327; x_wconf 81' lang='lat' dir='ltr'>criminandi</span> <span class='ocrx_word' id='word_1_19' title='bbox 1375 292 1500 329; x_wconf 86' lang='lat' dir='ltr'>Servii</span> 
     </span>
     <span class='ocr_line' id='line_1_4' title="bbox 177 352 1499 402; baseline 0 -13"><span class='ocrx_word' id='word_1_20' title='bbox 177 353 282 402; x_wconf 89' lang='lat' dir='ltr'>apud</span> <span class='ocrx_word' id='word_1_21' title='bbox 316 356 451 402; x_wconf 88' lang='lat' dir='ltr'>patres</span> <span class='ocrx_word' id='word_1_22' title='bbox 479 352 753 401; x_wconf 86' lang='lat' dir='ltr'>crescendique</span> <span class='ocrx_word' id='word_1_23' title='bbox 781 352 823 388; x_wconf 91' lang='lat' dir='ltr'>in</span> <span class='ocrx_word' id='word_1_24' title='bbox 854 352 964 388; x_wconf 91' lang='lat' dir='ltr'>curia</span> <span class='ocrx_word' id='word_1_25' title='bbox 994 352 1067 388; x_wconf 92' lang='lat' dir='ltr'>sibi</span> <span class='ocrx_word' id='word_1_26' title='bbox 1098 353 1335 389; x_wconf 81' lang='lat' dir='ltr'>occasionem</span> <span class='ocrx_word' id='word_1_27' title='bbox 1366 352 1499 389; x_wconf 88' lang='lat' dir='ltr'>datam</span> 
     </span>
     <span class='ocr_line' id='line_1_5' title="bbox 176 413 1502 463; baseline 0.001 -13"><span class='ocrx_word' id='word_1_28' title='bbox 176 418 290 450; x_wconf 90' lang='lat' dir='ltr'>ratus</span> <span class='ocrx_word' id='word_1_29' title='bbox 309 418 379 460; x_wconf 89' lang='lat' dir='ltr'>est,</span> <span class='ocrx_word' id='word_1_30' title='bbox 396 418 435 449; x_wconf 89' lang='lat' dir='ltr'>et</span> <span class='ocrx_word' id='word_1_31' title='bbox 454 414 536 463; x_wconf 88' lang='lat' dir='ltr'>ipse</span> <span class='ocrx_word' id='word_1_32' title='bbox 554 413 707 449; x_wconf 89' lang='lat' dir='ltr'>iuvenis</span> <span class='ocrx_word' id='word_1_33' title='bbox 722 413 899 449; x_wconf 88' lang='lat' dir='ltr'>ardentis</span> <span class='ocrx_word' id='word_1_34' title='bbox 912 413 1036 449; x_wconf 89' lang='lat' dir='ltr'>animi</span> <span class='ocrx_word' id='word_1_35' title='bbox 1055 416 1096 449; x_wconf 85' lang='lat' dir='ltr'>et</span> <span class='ocrx_word' id='word_1_36' title='bbox 1115 413 1218 449; x_wconf 90' lang='lat' dir='ltr'>domi</span> <span class='ocrx_word' id='word_1_37' title='bbox 1237 426 1358 450; x_wconf 80' lang='lat' dir='ltr'>uxore</span> <span class='ocrx_word' id='word_1_38' title='bbox 1372 414 1502 451; x_wconf 86' lang='lat' dir='ltr'>Tullia</span> 
     </span>
     <span class='ocr_line' id='line_1_6' title="bbox 135 473 1502 523; baseline 0 -12"><span class='ocrx_word' id='word_1_39' title='bbox 135 482 157 519; x_wconf 84' lang='grc'>3</span> <span class='ocrx_word' id='word_1_40' title='bbox 177 475 397 523; x_wconf 88' lang='lat' dir='ltr'>inquietum</span> <span class='ocrx_word' id='word_1_41' title='bbox 436 475 613 510; x_wconf 81' lang='lat' dir='ltr'>animum</span> <span class='ocrx_word' id='word_1_42' title='bbox 651 473 894 510; x_wconf 68' lang='lat' dir='ltr'>stimulante.</span> <span class='ocrx_word' id='word_1_43' title='bbox 954 473 1062 510; x_wconf 86' lang='lat' dir='ltr'>Tulit</span> <span class='ocrx_word' id='word_1_44' title='bbox 1099 473 1203 510; x_wconf 87' lang='lat' dir='ltr'>enim</span> <span class='ocrx_word' id='word_1_45' title='bbox 1241 477 1282 510; x_wconf 92' lang='lat' dir='ltr'>et</span> <span class='ocrx_word' id='word_1_46' title='bbox 1319 474 1502 511; x_wconf 75' lang='lat' dir='ltr'>Romana</span> 
     </span>
     <span class='ocr_line' id='line_1_7' title="bbox 176 535 1502 585; baseline 0 -13"><span class='ocrx_word' id='word_1_47' title='bbox 176 536 283 585; x_wconf 89' lang='lat' dir='ltr'>regia</span> <span class='ocrx_word' id='word_1_48' title='bbox 312 535 463 572; x_wconf 83' lang='lat' dir='ltr'>sceleris</span> <span class='ocrx_word' id='word_1_49' title='bbox 482 535 626 584; x_wconf 81' lang='lat' dir='ltr'>tragici</span> <span class='ocrx_word' id='word_1_50' title='bbox 655 535 890 583; x_wconf 84' lang='lat' dir='ltr'>exemplum,</span> <span class='ocrx_word' id='word_1_51' title='bbox 920 538 967 571; x_wconf 89' lang='lat' dir='ltr'>ut</span> <span class='ocrx_word' id='word_1_52' title='bbox 992 535 1123 571; x_wconf 86' lang='lat' dir='ltr'>taedio</span> <span class='ocrx_word' id='word_1_53' title='bbox 1142 547 1279 584; x_wconf 85' lang='lat' dir='ltr'>regum</span> <span class='ocrx_word' id='word_1_54' title='bbox 1308 535 1502 572; x_wconf 83' lang='lat' dir='ltr'>maturior</span> 
     </span>
     <span class='ocr_line' id='line_1_8' title="bbox 177 595 1504 644; baseline -0.001 -11"><span class='ocrx_word' id='word_1_55' title='bbox 177 597 330 634; x_wconf 77' lang='lat' dir='ltr'>veniret</span> <span class='ocrx_word' id='word_1_56' title='bbox 366 596 541 642; x_wconf 88' lang='lat' dir='ltr'>libertas,</span> <span class='ocrx_word' id='word_1_57' title='bbox 581 596 845 644; x_wconf 89' lang='lat' dir='ltr'>ultimumque</span> <span class='ocrx_word' id='word_1_58' title='bbox 878 608 1045 644; x_wconf 88' lang='lat' dir='ltr'>regnum</span> <span class='ocrx_word' id='word_1_59' title='bbox 1084 599 1195 642; x_wconf 84' lang='lat' dir='ltr'>esset,</span> <span class='ocrx_word' id='word_1_60' title='bbox 1227 596 1329 644; x_wconf 91' lang='lat' dir='ltr'>quod</span> <span class='ocrx_word' id='word_1_61' title='bbox 1362 595 1504 633; x_wconf 86' lang='lat' dir='ltr'>scelere</span> 
     </span>
     <span class='ocr_line' id='line_1_9' title="bbox 137 656 1504 706; baseline -0.001 -12"><span class='ocrx_word' id='word_1_62' title='bbox 137 666 160 700; x_wconf 88' lang='lat'><strong>4</strong></span> <span class='ocrx_word' id='word_1_63' title='bbox 177 661 338 706; x_wconf 88' lang='lat' dir='ltr'>partum</span> <span class='ocrx_word' id='word_1_64' title='bbox 366 656 480 693; x_wconf 79' lang='lat' dir='ltr'>foret.</span> <span class='ocrx_word' id='word_1_65' title='bbox 538 657 616 693; x_wconf 91' lang='lat' dir='ltr'>Hic</span> <span class='ocrx_word' id='word_1_66' title='bbox 646 657 690 694; x_wconf 91' lang='lat' dir='ltr'>L.</span> <span class='ocrx_word' id='word_1_67' title='bbox 724 656 1140 705; x_wconf 76' lang='lat' dir='ltr'>Tarquinius—Prisci</span> <span class='ocrx_word' id='word_1_68' title='bbox 1168 656 1375 705; x_wconf 78' lang='lat' dir='ltr'>Tarquinii</span> <span class='ocrx_word' id='word_1_69' title='bbox 1401 656 1504 705; x_wconf 85' lang='lat' dir='ltr'>regis</span> 
     </span>
     <span class='ocr_line' id='line_1_10' title="bbox 181 717 1504 767; baseline -0.001 -13"><span class='ocrx_word' id='word_1_70' title='bbox 181 719 280 754; x_wconf 83' lang='lat' dir='ltr'>filius</span> <span class='ocrx_word' id='word_1_71' title='bbox 292 730 461 767; x_wconf 82' lang='lat' dir='ltr'>neposne</span> <span class='ocrx_word' id='word_1_72' title='bbox 473 718 606 763; x_wconf 85' lang='lat' dir='ltr'>fuerit,</span> <span class='ocrx_word' id='word_1_73' title='bbox 617 730 759 766; x_wconf 86' lang='lat' dir='ltr'>parum</span> <span class='ocrx_word' id='word_1_74' title='bbox 775 717 898 766; x_wconf 90' lang='lat' dir='ltr'>liquet</span> <span class='ocrx_word' id='word_1_75' title='bbox 910 731 920 764; x_wconf 80' lang='lat'>3</span> <span class='ocrx_word' id='word_1_76' title='bbox 941 717 1119 766; x_wconf 82' lang='lat' dir='ltr'>pluribus</span> <span class='ocrx_word' id='word_1_77' title='bbox 1131 721 1264 754; x_wconf 90' lang='lat' dir='ltr'>tamen</span> <span class='ocrx_word' id='word_1_78' title='bbox 1277 717 1504 754; x_wconf 89' lang='lat' dir='ltr'>auctoribus</span> 
     </span>
     <span class='ocr_line' id='line_1_11' title="bbox 178 777 1502 827; baseline -0.001 -12"><span class='ocrx_word' id='word_1_79' title='bbox 178 779 303 815; x_wconf 74' lang='lat' dir='ltr'>filium</span> <span class='ocrx_word' id='word_1_80' title='bbox 332 777 742 815; x_wconf 82' lang='lat' dir='ltr'>ediderim—fratrem</span> <span class='ocrx_word' id='word_1_81' title='bbox 762 778 956 815; x_wconf 81' lang='lat' dir='ltr'>habuerat</span> <span class='ocrx_word' id='word_1_82' title='bbox 984 779 1205 815; x_wconf 88' lang='lat' dir='ltr'>Arruntem</span> <span class='ocrx_word' id='word_1_83' title='bbox 1231 778 1502 827; x_wconf 80' lang='lat' dir='ltr'>Tarquinium,</span> 
     </span>
     <span class='ocr_line' id='line_1_12' title="bbox 139 839 1502 889; baseline -0.001 -13"><span class='ocrx_word' id='word_1_84' title='bbox 139 848 158 887; x_wconf 85' lang='lat'>5</span> <span class='ocrx_word' id='word_1_85' title='bbox 179 841 286 877; x_wconf 87' lang='lat' dir='ltr'>mitis</span> <span class='ocrx_word' id='word_1_86' title='bbox 319 840 466 889; x_wconf 87' lang='lat' dir='ltr'>ingenii</span> <span class='ocrx_word' id='word_1_87' title='bbox 493 841 684 876; x_wconf 80' lang='lat' dir='ltr'>iuvenem.</span> <span class='ocrx_word' id='word_1_88' title='bbox 743 839 819 876; x_wconf 91' lang='lat' dir='ltr'>His</span> <span class='ocrx_word' id='word_1_89' title='bbox 853 839 1012 885; x_wconf 91' lang='lat' dir='ltr'>duobus,</span> <span class='ocrx_word' id='word_1_90' title='bbox 1047 843 1094 875; x_wconf 92' lang='lat' dir='ltr'>ut</span> <span class='ocrx_word' id='word_1_91' title='bbox 1126 843 1221 876; x_wconf 89' lang='lat' dir='ltr'>ante</span> <span class='ocrx_word' id='word_1_92' title='bbox 1252 839 1401 876; x_wconf 89' lang='lat' dir='ltr'>dictum</span> <span class='ocrx_word' id='word_1_93' title='bbox 1431 843 1502 886; x_wconf 84' lang='lat' dir='ltr'>est,</span> 
     </span>
     <span class='ocr_line' id='line_1_13' title="bbox 179 900 1505 950; baseline 0 -13"><span class='ocrx_word' id='word_1_94' title='bbox 179 902 279 938; x_wconf 87' lang='lat' dir='ltr'>duae</span> <span class='ocrx_word' id='word_1_95' title='bbox 306 901 459 937; x_wconf 86' lang='lat' dir='ltr'>Tulliae</span> <span class='ocrx_word' id='word_1_96' title='bbox 485 902 587 950; x_wconf 87' lang='lat' dir='ltr'>regis</span> <span class='ocrx_word' id='word_1_97' title='bbox 615 901 719 937; x_wconf 87' lang='lat' dir='ltr'>filiae</span> <span class='ocrx_word' id='word_1_98' title='bbox 747 904 975 950; x_wconf 82' lang='lat' dir='ltr'>nupserant,</span> <span class='ocrx_word' id='word_1_99' title='bbox 996 904 1036 937; x_wconf 91' lang='lat' dir='ltr'>et</span> <span class='ocrx_word' id='word_1_100' title='bbox 1055 901 1161 949; x_wconf 87' lang='lat' dir='ltr'>ipsae</span> <span class='ocrx_word' id='word_1_101' title='bbox 1189 900 1304 950; x_wconf 86' lang='lat' dir='ltr'>longe</span> <span class='ocrx_word' id='word_1_102' title='bbox 1331 901 1505 949; x_wconf 87' lang='lat' dir='ltr'>dispares</span> 
     </span>
     <span class='ocr_line' id='line_1_14' title="bbox 180 961 1504 1010; baseline -0.001 -12"><span class='ocrx_word' id='word_1_103' title='bbox 180 962 362 998; x_wconf 89' lang='lat' dir='ltr'>moribus.</span> <span class='ocrx_word' id='word_1_104' title='bbox 435 963 554 998; x_wconf 86' lang='lat' dir='ltr'>Forte</span> <span class='ocrx_word' id='word_1_105' title='bbox 591 962 648 998; x_wconf 90' lang='lat' dir='ltr'>ita</span> <span class='ocrx_word' id='word_1_106' title='bbox 686 961 892 1007; x_wconf 88' lang='lat' dir='ltr'>inciderat,</span> <span class='ocrx_word' id='word_1_107' title='bbox 933 973 983 998; x_wconf 91' lang='lat' dir='ltr'>ne</span> <span class='ocrx_word' id='word_1_108' title='bbox 1020 961 1096 998; x_wconf 90' lang='lat' dir='ltr'>duo</span> <span class='ocrx_word' id='word_1_109' title='bbox 1136 961 1310 998; x_wconf 84' lang='lat' dir='ltr'>violenta</span> <span class='ocrx_word' id='word_1_110' title='bbox 1346 961 1504 1010; x_wconf 83' lang='lat' dir='ltr'>ingenia</span> 
     </span>
     <span class='ocr_line' id='line_1_15' title="bbox 181 1022 1505 1072; baseline 0 -13"><span class='ocrx_word' id='word_1_111' title='bbox 181 1023 432 1060; x_wconf 87' lang='lat' dir='ltr'>matrimonio</span> <span class='ocrx_word' id='word_1_112' title='bbox 450 1023 723 1072; x_wconf 86' lang='lat' dir='ltr'>iungerentur,</span> <span class='ocrx_word' id='word_1_113' title='bbox 744 1022 908 1059; x_wconf 86' lang='lat' dir='ltr'>fortuna</span> <span class='ocrx_word' id='word_1_114' title='bbox 935 1023 1047 1059; x_wconf 83' lang='lat' dir='ltr'>credo</span> <span class='ocrx_word' id='word_1_115' title='bbox 1067 1023 1199 1072; x_wconf 77' lang='lat' dir='ltr'>populi</span> <span class='ocrx_word' id='word_1_116' title='bbox 1226 1022 1408 1068; x_wconf 81' lang='lat' dir='ltr'>Romani,</span> <span class='ocrx_word' id='word_1_117' title='bbox 1428 1035 1505 1071; x_wconf 93' lang='lat' dir='ltr'>quo</span> 
     </span>
     <span class='ocr_line' id='line_1_16' title="bbox 181 1084 1505 1134; baseline -0.001 -13"><span class='ocrx_word' id='word_1_118' title='bbox 181 1084 409 1121; x_wconf 87' lang='lat' dir='ltr'>diuturnius</span> <span class='ocrx_word' id='word_1_119' title='bbox 438 1084 549 1122; x_wconf 75' lang='lat' dir='ltr'>Servi</span> <span class='ocrx_word' id='word_1_120' title='bbox 569 1097 734 1134; x_wconf 87' lang='lat' dir='ltr'>regnum</span> <span class='ocrx_word' id='word_1_121' title='bbox 754 1088 866 1130; x_wconf 89' lang='lat' dir='ltr'>esset,</span> <span class='ocrx_word' id='word_1_122' title='bbox 886 1084 1149 1133; x_wconf 90' lang='lat' dir='ltr'>constituique</span> <span class='ocrx_word' id='word_1_123' title='bbox 1177 1084 1352 1121; x_wconf 86' lang='lat' dir='ltr'>civitatis</span> <span class='ocrx_word' id='word_1_124' title='bbox 1379 1096 1505 1121; x_wconf 88' lang='lat' dir='ltr'>mores</span> 
     </span>
     <span class='ocr_line' id='line_1_17' title="bbox 138 1145 1505 1196; baseline -0.001 -13"><span class='ocrx_word' id='word_1_125' title='bbox 138 1148 160 1183; x_wconf 90' lang='lat'><strong>6</strong></span> <span class='ocrx_word' id='word_1_126' title='bbox 181 1149 347 1196; x_wconf 87' lang='lat' dir='ltr'>possent.</span> <span class='ocrx_word' id='word_1_127' title='bbox 417 1147 657 1195; x_wconf 89' lang='lat' dir='ltr'>Angebatur</span> <span class='ocrx_word' id='word_1_128' title='bbox 690 1145 801 1182; x_wconf 83' lang='lat' dir='ltr'>ferox</span> <span class='ocrx_word' id='word_1_129' title='bbox 833 1145 963 1182; x_wconf 87' lang='lat' dir='ltr'>Tullia</span> <span class='ocrx_word' id='word_1_130' title='bbox 993 1145 1093 1182; x_wconf 89' lang='lat' dir='ltr'>nihil</span> <span class='ocrx_word' id='word_1_131' title='bbox 1126 1145 1318 1182; x_wconf 86' lang='lat' dir='ltr'>materiae</span> <span class='ocrx_word' id='word_1_132' title='bbox 1347 1146 1390 1181; x_wconf 93' lang='lat' dir='ltr'>in</span> <span class='ocrx_word' id='word_1_133' title='bbox 1421 1145 1505 1181; x_wconf 89' lang='lat' dir='ltr'>viro</span> 
     </span>
     <span class='ocr_line' id='line_1_18' title="bbox 180 1205 1505 1255; baseline -0.001 -12"><span class='ocrx_word' id='word_1_134' title='bbox 180 1219 308 1255; x_wconf 89' lang='lat' dir='ltr'>neque</span> <span class='ocrx_word' id='word_1_135' title='bbox 340 1206 390 1243; x_wconf 87' lang='lat' dir='ltr'>ad</span> <span class='ocrx_word' id='word_1_136' title='bbox 423 1207 680 1255; x_wconf 85' lang='lat' dir='ltr'>cupiditatem</span> <span class='ocrx_word' id='word_1_137' title='bbox 714 1218 839 1254; x_wconf 90' lang='lat' dir='ltr'>neque</span> <span class='ocrx_word' id='word_1_138' title='bbox 872 1206 923 1242; x_wconf 89' lang='lat' dir='ltr'>ad</span> <span class='ocrx_word' id='word_1_139' title='bbox 956 1206 1163 1242; x_wconf 83' lang='lat' dir='ltr'>audaciam</span> <span class='ocrx_word' id='word_1_140' title='bbox 1197 1219 1277 1243; x_wconf 90' lang='lat' dir='ltr'>esse</span> <span class='ocrx_word' id='word_1_141' title='bbox 1292 1220 1302 1253; x_wconf 78' lang='lat'><em>3</em></span> <span class='ocrx_word' id='word_1_142' title='bbox 1340 1210 1426 1242; x_wconf 89' lang='lat' dir='ltr'>tota</span> <span class='ocrx_word' id='word_1_143' title='bbox 1462 1205 1505 1242; x_wconf 90' lang='lat' dir='ltr'>in</span> 
     </span>
     <span class='ocr_line' id='line_1_19' title="bbox 181 1266 1506 1316; baseline -0.001 -12"><span class='ocrx_word' id='word_1_144' title='bbox 181 1269 351 1304; x_wconf 87' lang='lat' dir='ltr'>alterum</span> <span class='ocrx_word' id='word_1_145' title='bbox 379 1280 517 1304; x_wconf 87' lang='lat' dir='ltr'>aversa</span> <span class='ocrx_word' id='word_1_146' title='bbox 535 1267 797 1316; x_wconf 81' lang='lat' dir='ltr'>Tarquinium</span> <span class='ocrx_word' id='word_1_147' title='bbox 824 1279 913 1303; x_wconf 89' lang='lat' dir='ltr'>eum</span> <span class='ocrx_word' id='word_1_148' title='bbox 941 1266 1091 1311; x_wconf 88' lang='lat' dir='ltr'>mirari,</span> <span class='ocrx_word' id='word_1_149' title='bbox 1112 1279 1202 1303; x_wconf 89' lang='lat' dir='ltr'>eum</span> <span class='ocrx_word' id='word_1_150' title='bbox 1230 1267 1360 1303; x_wconf 88' lang='lat' dir='ltr'>virum</span> <span class='ocrx_word' id='word_1_151' title='bbox 1381 1266 1506 1303; x_wconf 86' lang='lat' dir='ltr'>dicere</span> 
     </span>
     <span class='ocr_line' id='line_1_20' title="bbox 182 1327 1504 1378; baseline -0.002 -12"><span class='ocrx_word' id='word_1_152' title='bbox 182 1342 227 1366; x_wconf 89' lang='lat' dir='ltr'>ac</span> <span class='ocrx_word' id='word_1_153' title='bbox 258 1329 366 1378; x_wconf 89' lang='lat' dir='ltr'>regio</span> <span class='ocrx_word' id='word_1_154' title='bbox 398 1329 591 1377; x_wconf 84' lang='lat' dir='ltr'>sanguine</span> <span class='ocrx_word' id='word_1_155' title='bbox 620 1332 777 1370; x_wconf 87' lang='lat' dir='ltr'>ortum;</span> <span class='ocrx_word' id='word_1_156' title='bbox 815 1340 998 1376; x_wconf 90' lang='lat' dir='ltr'>spernere</span> <span class='ocrx_word' id='word_1_157' title='bbox 1031 1340 1212 1373; x_wconf 87' lang='lat' dir='ltr'>sororem,</span> <span class='ocrx_word' id='word_1_158' title='bbox 1244 1327 1348 1376; x_wconf 92' lang='lat' dir='ltr'>quod</span> <span class='ocrx_word' id='word_1_159' title='bbox 1376 1327 1504 1363; x_wconf 89' lang='lat' dir='ltr'>virum</span> 
     </span>
     <span class='ocr_line' id='line_1_21' title="bbox 143 1387 1502 1442; baseline -0.001 -16"><span class='ocrx_word' id='word_1_160' title='bbox 143 1405 160 1442; x_wconf 91' lang='lat'><strong><em>7</em></strong></span> <span class='ocrx_word' id='word_1_161' title='bbox 182 1393 299 1427; x_wconf 88' lang='lat' dir='ltr'>nacta</span> <span class='ocrx_word' id='word_1_162' title='bbox 318 1389 501 1426; x_wconf 88' lang='lat' dir='ltr'>muliebri</span> <span class='ocrx_word' id='word_1_163' title='bbox 521 1394 689 1426; x_wconf 87' lang='lat' dir='ltr'>cessaret</span> <span class='ocrx_word' id='word_1_164' title='bbox 709 1389 881 1426; x_wconf 88' lang='lat' dir='ltr'>audacia.</span> <span class='ocrx_word' id='word_1_165' title='bbox 945 1388 1157 1425; x_wconf 84' lang='lat' dir='ltr'>Contrahit</span> <span class='ocrx_word' id='word_1_166' title='bbox 1176 1388 1353 1425; x_wconf 86' lang='lat' dir='ltr'>celeriter</span> <span class='ocrx_word' id='word_1_167' title='bbox 1372 1387 1502 1425; x_wconf 84' lang='lat' dir='ltr'>simili-</span> 
     </span>
     <span class='ocr_line' id='line_1_22' title="bbox 183 1449 1504 1498; baseline -0.002 -11"><span class='ocrx_word' id='word_1_168' title='bbox 183 1451 277 1488; x_wconf 90' lang='lat' dir='ltr'>tudo</span> <span class='ocrx_word' id='word_1_169' title='bbox 305 1463 379 1497; x_wconf 89' lang='lat' dir='ltr'>eos,</span> <span class='ocrx_word' id='word_1_170' title='bbox 401 1454 446 1486; x_wconf 92' lang='lat' dir='ltr'>ut</span> <span class='ocrx_word' id='word_1_171' title='bbox 465 1450 548 1487; x_wconf 85' lang='lat' dir='ltr'>fere</span> <span class='ocrx_word' id='word_1_172' title='bbox 576 1451 622 1487; x_wconf 89' lang='lat' dir='ltr'>fit</span> <span class='ocrx_word' id='word_1_173' title='bbox 650 1450 800 1487; x_wconf 90' lang='lat' dir='ltr'>malum</span> <span class='ocrx_word' id='word_1_174' title='bbox 820 1450 924 1486; x_wconf 91' lang='lat' dir='ltr'>malo</span> <span class='ocrx_word' id='word_1_175' title='bbox 952 1449 1224 1498; x_wconf 87' lang='lat' dir='ltr'>aptissimum;</span> <span class='ocrx_word' id='word_1_176' title='bbox 1253 1449 1318 1486; x_wconf 88' lang='lat' dir='ltr'>sed</span> <span class='ocrx_word' id='word_1_177' title='bbox 1345 1450 1504 1486; x_wconf 88' lang='lat' dir='ltr'>&#39;mitium</span> 
     </span>
     <span class='ocr_line' id='line_1_23' title="bbox 183 1509 1505 1548; baseline -0.002 0"><span class='ocrx_word' id='word_1_178' title='bbox 183 1511 371 1548; x_wconf 84' lang='lat' dir='ltr'>turbandi</span> <span class='ocrx_word' id='word_1_179' title='bbox 390 1511 523 1547; x_wconf 91' lang='lat' dir='ltr'>omnia</span> <span class='ocrx_word' id='word_1_180' title='bbox 542 1524 565 1547; x_wconf 90' lang='lat' dir='ltr'>a</span> <span class='ocrx_word' id='word_1_181' title='bbox 586 1511 734 1548; x_wconf 86' lang='lat' dir='ltr'>femina</span> <span class='ocrx_word' id='word_1_182' title='bbox 752 1514 884 1547; x_wconf 91' lang='lat' dir='ltr'>ortum</span> <span class='ocrx_word' id='word_1_183' title='bbox 904 1515 973 1547; x_wconf 89' lang='lat' dir='ltr'>est.</span> <span class='ocrx_word' id='word_1_184' title='bbox 1031 1510 1090 1546; x_wconf 89' lang='lat' dir='ltr'>Ea</span> <span class='ocrx_word' id='word_1_185' title='bbox 1118 1511 1276 1547; x_wconf 89' lang='lat' dir='ltr'>secretis</span> <span class='ocrx_word' id='word_1_186' title='bbox 1294 1510 1370 1547; x_wconf 89' lang='lat' dir='ltr'>viri</span> <span class='ocrx_word' id='word_1_187' title='bbox 1388 1509 1505 1547; x_wconf 89' lang='lat' dir='ltr'>alieni</span> 
     </span>
     <span class='ocr_line' id='line_1_24' title="bbox 182 1571 1505 1620; baseline -0.001 -12"><span class='ocrx_word' id='word_1_188' title='bbox 182 1572 410 1608; x_wconf 80' lang='lat' dir='ltr'>adsuefacta</span> <span class='ocrx_word' id='word_1_189' title='bbox 433 1572 677 1608; x_wconf 88' lang='lat' dir='ltr'>sermonibus</span> <span class='ocrx_word' id='word_1_190' title='bbox 701 1571 820 1607; x_wconf 90' lang='lat' dir='ltr'>nullis</span> <span class='ocrx_word' id='word_1_191' title='bbox 847 1571 1056 1607; x_wconf 88' lang='lat' dir='ltr'>verborum</span> <span class='ocrx_word' id='word_1_192' title='bbox 1081 1571 1327 1608; x_wconf 86' lang='lat' dir='ltr'>contumeliis</span> <span class='ocrx_word' id='word_1_193' title='bbox 1348 1583 1505 1620; x_wconf 87' lang='lat' dir='ltr'>parcere</span> 
     </span>
     <span class='ocr_line' id='line_1_25' title="bbox 182 1633 1504 1681; baseline -0.001 -10"><span class='ocrx_word' id='word_1_194' title='bbox 182 1635 228 1672; x_wconf 91' lang='lat' dir='ltr'>de</span> <span class='ocrx_word' id='word_1_195' title='bbox 243 1635 327 1671; x_wconf 87' lang='lat' dir='ltr'>viro</span> <span class='ocrx_word' id='word_1_196' title='bbox 338 1635 389 1670; x_wconf 88' lang='lat' dir='ltr'>ad</span> <span class='ocrx_word' id='word_1_197' title='bbox 409 1634 584 1681; x_wconf 83' lang='lat' dir='ltr'>fratrem,</span> <span class='ocrx_word' id='word_1_198' title='bbox 605 1635 651 1671; x_wconf 88' lang='lat' dir='ltr'>de</span> <span class='ocrx_word' id='word_1_199' title='bbox 670 1647 797 1671; x_wconf 87' lang='lat' dir='ltr'>sorore</span> <span class='ocrx_word' id='word_1_200' title='bbox 817 1635 868 1671; x_wconf 93' lang='lat' dir='ltr'>ad</span> <span class='ocrx_word' id='word_1_201' title='bbox 887 1634 1040 1674; x_wconf 82' lang='lat' dir='ltr'>virum;</span> <span class='ocrx_word' id='word_1_202' title='bbox 1065 1638 1105 1670; x_wconf 89' lang='lat' dir='ltr'>et</span> <span class='ocrx_word' id='word_1_203' title='bbox 1123 1647 1163 1671; x_wconf 88' lang='lat' dir='ltr'>se</span> <span class='ocrx_word' id='word_1_204' title='bbox 1182 1635 1326 1671; x_wconf 88' lang='lat' dir='ltr'>rectius</span> <span class='ocrx_word' id='word_1_205' title='bbox 1345 1633 1504 1670; x_wconf 91' lang='lat' dir='ltr'>viduam</span> 
     </span>
     <span class='ocr_line' id='line_1_26' title="bbox 183 1695 1504 1744; baseline 0 -13"><span class='ocrx_word' id='word_1_206' title='bbox 183 1699 223 1732; x_wconf 88' lang='lat' dir='ltr'>et</span> <span class='ocrx_word' id='word_1_207' title='bbox 255 1696 367 1732; x_wconf 88' lang='lat' dir='ltr'>illum</span> <span class='ocrx_word' id='word_1_208' title='bbox 400 1695 586 1732; x_wconf 84' lang='lat' dir='ltr'>caelibem</span> <span class='ocrx_word' id='word_1_209' title='bbox 623 1695 805 1732; x_wconf 83' lang='lat' dir='ltr'>futurum</span> <span class='ocrx_word' id='word_1_210' title='bbox 838 1695 959 1732; x_wconf 85' lang='lat' dir='ltr'>fuisse</span> <span class='ocrx_word' id='word_1_211' title='bbox 995 1695 1230 1732; x_wconf 87' lang='lat' dir='ltr'>contendere</span> <span class='ocrx_word' id='word_1_212' title='bbox 1266 1707 1387 1744; x_wconf 90' lang='lat' dir='ltr'>quam</span> <span class='ocrx_word' id='word_1_213' title='bbox 1416 1708 1504 1731; x_wconf 91' lang='lat' dir='ltr'>cum</span> 
     </span>
     <span class='ocr_line' id='line_1_27' title="bbox 140 1756 1505 1806; baseline 0 -13"><span class='ocrx_word' id='word_1_214' title='bbox 140 1765 162 1800; x_wconf 83' lang='grc'>8</span> <span class='ocrx_word' id='word_1_215' title='bbox 184 1758 311 1806; x_wconf 89' lang='lat' dir='ltr'>inpari</span> <span class='ocrx_word' id='word_1_216' title='bbox 343 1757 466 1806; x_wconf 88' lang='lat' dir='ltr'>iungi,</span> <span class='ocrx_word' id='word_1_217' title='bbox 496 1761 541 1793; x_wconf 88' lang='lat' dir='ltr'>ut</span> <span class='ocrx_word' id='word_1_218' title='bbox 569 1757 921 1806; x_wconf 85' lang='lat' dir='ltr'>elanguescendum</span> <span class='ocrx_word' id='word_1_219' title='bbox 953 1757 1081 1793; x_wconf 88' lang='lat' dir='ltr'>aliena</span> <span class='ocrx_word' id='word_1_220' title='bbox 1109 1757 1267 1806; x_wconf 80' lang='lat' dir='ltr'>ignavia</span> <span class='ocrx_word' id='word_1_221' title='bbox 1295 1760 1405 1794; x_wconf 89' lang='lat' dir='ltr'>esset.</span> <span class='ocrx_word' id='word_1_222' title='bbox 1463 1756 1505 1793; x_wconf 85' lang='lat' dir='ltr'>Si</span> 
     </span>
     <span class='ocr_line' id='line_1_28' title="bbox 183 1818 1504 1867; baseline 0 -12"><span class='ocrx_word' id='word_1_223' title='bbox 183 1819 255 1855; x_wconf 86' lang='lat' dir='ltr'>sibi</span> <span class='ocrx_word' id='word_1_224' title='bbox 276 1831 376 1863; x_wconf 88' lang='lat' dir='ltr'>eum,</span> <span class='ocrx_word' id='word_1_225' title='bbox 397 1832 474 1867; x_wconf 87' lang='lat' dir='ltr'>quo</span> <span class='ocrx_word' id='word_1_226' title='bbox 493 1818 613 1867; x_wconf 86' lang='lat' dir='ltr'>digna</span> <span class='ocrx_word' id='word_1_227' title='bbox 632 1822 743 1865; x_wconf 86' lang='lat' dir='ltr'>esset,</span> <span class='ocrx_word' id='word_1_228' title='bbox 765 1818 818 1855; x_wconf 87' lang='lat' dir='ltr'>dii</span> <span class='ocrx_word' id='word_1_229' title='bbox 833 1818 1028 1855; x_wconf 85' lang='lat' dir='ltr'>dedissent</span> <span class='ocrx_word' id='word_1_230' title='bbox 1048 1818 1187 1865; x_wconf 85' lang='lat' dir='ltr'>virum,</span> <span class='ocrx_word' id='word_1_231' title='bbox 1203 1818 1307 1855; x_wconf 90' lang='lat' dir='ltr'>domi</span> <span class='ocrx_word' id='word_1_232' title='bbox 1326 1831 1366 1855; x_wconf 91' lang='lat' dir='ltr'>se</span> <span class='ocrx_word' id='word_1_233' title='bbox 1384 1830 1504 1867; x_wconf 86' lang='lat' dir='ltr'>prope</span> 
     </span>
     <span class='ocr_line' id='line_1_29' title="bbox 183 1879 1502 1929; baseline 0.001 -14"><span class='ocrx_word' id='word_1_234' title='bbox 183 1880 284 1916; x_wconf 89' lang='lat' dir='ltr'>diem</span> <span class='ocrx_word' id='word_1_235' title='bbox 322 1880 495 1916; x_wconf 83' lang='lat' dir='ltr'>visuram</span> <span class='ocrx_word' id='word_1_236' title='bbox 532 1893 696 1929; x_wconf 86' lang='lat' dir='ltr'>regnum</span> <span class='ocrx_word' id='word_1_237' title='bbox 730 1879 859 1925; x_wconf 83' lang='lat' dir='ltr'>fuisse,</span> <span class='ocrx_word' id='word_1_238' title='bbox 892 1880 994 1928; x_wconf 93' lang='lat' dir='ltr'>quod</span> <span class='ocrx_word' id='word_1_239' title='bbox 1030 1879 1135 1928; x_wconf 87' lang='lat' dir='ltr'>apud</span> <span class='ocrx_word' id='word_1_240' title='bbox 1167 1883 1322 1928; x_wconf 90' lang='lat' dir='ltr'>patrem</span> <span class='ocrx_word' id='word_1_241' title='bbox 1359 1879 1502 1916; x_wconf 83' lang='lat' dir='ltr'>videat.</span> 
     </span>
     <span class='ocr_line' id='line_1_30' title="bbox 185 1939 1504 1989; baseline -0.001 -12"><span class='ocrx_word' id='word_1_242' title='bbox 185 1940 373 1977; x_wconf 78' lang='lat' dir='ltr'>Celeriter</span> <span class='ocrx_word' id='word_1_243' title='bbox 392 1941 679 1977; x_wconf 81' lang='lat' dir='ltr'>adulescentem</span> <span class='ocrx_word' id='word_1_244' title='bbox 699 1953 792 1977; x_wconf 87' lang='lat' dir='ltr'>suae</span> <span class='ocrx_word' id='word_1_245' title='bbox 811 1939 1047 1976; x_wconf 84' lang='lat' dir='ltr'>temeritatis</span> <span class='ocrx_word' id='word_1_246' title='bbox 1065 1941 1214 1989; x_wconf 88' lang='lat' dir='ltr'>implet.</span> <span class='ocrx_word' id='word_1_247' title='bbox 1273 1940 1340 1977; x_wconf 89' lang='lat' dir='ltr'>Ita</span> <span class='ocrx_word' id='word_1_248' title='bbox 1360 1939 1504 1976; x_wconf 85' lang='lat' dir='ltr'>Lucius</span> 
     </span>
     <span class='ocr_line' id='line_1_31' title="bbox 184 2001 1501 2050; baseline 0 -13"><span class='ocrx_word' id='word_1_249' title='bbox 184 2001 424 2050; x_wconf 87' lang='lat' dir='ltr'>Tarquinius</span> <span class='ocrx_word' id='word_1_250' title='bbox 443 2006 482 2038; x_wconf 86' lang='lat' dir='ltr'>et</span> <span class='ocrx_word' id='word_1_251' title='bbox 502 2001 628 2037; x_wconf 78' lang='lat' dir='ltr'>Tullia</span> <span class='ocrx_word' id='word_1_252' title='bbox 649 2001 777 2038; x_wconf 90' lang='lat' dir='ltr'>minor</span> <span class='ocrx_word' id='word_1_253' title='bbox 797 2013 915 2050; x_wconf 91' lang='lat' dir='ltr'>prope</span> <span class='ocrx_word' id='word_1_254' title='bbox 929 2001 1172 2038; x_wconf 85' lang='lat' dir='ltr'>continuatis</span> <span class='ocrx_word' id='word_1_255' title='bbox 1191 2001 1396 2037; x_wconf 88' lang='lat' dir='ltr'>funeribus</span> <span class='ocrx_word' id='word_1_256' title='bbox 1414 2013 1501 2038; x_wconf 89' lang='lat' dir='ltr'>cum</span> 
     </span>
     <span class='ocr_line' id='line_1_32' title="bbox 185 2060 1503 2111; baseline 0 -13"><span class='ocrx_word' id='word_1_257' title='bbox 185 2061 316 2098; x_wconf 89' lang='lat' dir='ltr'>domos</span> <span class='ocrx_word' id='word_1_258' title='bbox 336 2075 481 2098; x_wconf 79' lang='lat' dir='ltr'>vacuas</span> <span class='ocrx_word' id='word_1_259' title='bbox 499 2074 599 2098; x_wconf 70' lang='lat' dir='ltr'>novo</span> <span class='ocrx_word' id='word_1_260' title='bbox 624 2062 876 2098; x_wconf 87' lang='lat' dir='ltr'>matrimonio</span> <span class='ocrx_word' id='word_1_261' title='bbox 898 2060 1088 2108; x_wconf 84' lang='lat' dir='ltr'>fecissent,</span> <span class='ocrx_word' id='word_1_262' title='bbox 1109 2062 1334 2111; x_wconf 89' lang='lat' dir='ltr'>iunguntur</span> <span class='ocrx_word' id='word_1_263' title='bbox 1353 2061 1503 2111; x_wconf 78' lang='lat' dir='ltr'>nuptiis</span> 
     </span>
     <span class='ocr_line' id='line_1_33' title="bbox 185 2123 1227 2172; baseline 0.001 -13"><span class='ocrx_word' id='word_1_264' title='bbox 185 2124 310 2172; x_wconf 83' lang='lat' dir='ltr'>magis</span> <span class='ocrx_word' id='word_1_265' title='bbox 329 2136 408 2159; x_wconf 90' lang='lat' dir='ltr'>non</span> <span class='ocrx_word' id='word_1_266' title='bbox 428 2123 660 2172; x_wconf 86' lang='lat' dir='ltr'>prohibente</span> <span class='ocrx_word' id='word_1_267' title='bbox 681 2123 814 2159; x_wconf 85' lang='lat' dir='ltr'>Servio</span> <span class='ocrx_word' id='word_1_268' title='bbox 833 2135 952 2171; x_wconf 90' lang='lat' dir='ltr'>quam</span> <span class='ocrx_word' id='word_1_269' title='bbox 973 2123 1227 2172; x_wconf 88' lang='lat' dir='ltr'>adprobante.</span> 
     </span>
    </p>
   </div>
   <div class='ocr_carea' id='block_1_3' title="bbox 145 2245 1498 2291">
    <p class='ocr_par' dir='ltr' id='par_1_3' title="bbox 145 2245 1498 2291">
     <span class='ocr_line' id='line_1_34' title="bbox 145 2245 1498 2291; baseline 0 -10"><span class='ocrx_word' id='word_1_270' title='bbox 145 2263 162 2287; x_wconf 85' lang='lat'>1</span> <span class='ocrx_word' id='word_1_271' title='bbox 236 2245 415 2282; x_wconf 85' lang='lat' dir='ltr'><strong>XLVII.</strong></span> <span class='ocrx_word' id='word_1_272' title='bbox 446 2246 545 2281; x_wconf 89' lang='lat' dir='ltr'>Tum</span> <span class='ocrx_word' id='word_1_273' title='bbox 576 2257 667 2281; x_wconf 90' lang='lat' dir='ltr'>vero</span> <span class='ocrx_word' id='word_1_274' title='bbox 695 2246 737 2281; x_wconf 87' lang='lat' dir='ltr'>in</span> <span class='ocrx_word' id='word_1_275' title='bbox 770 2245 849 2281; x_wconf 88' lang='lat' dir='ltr'>dies</span> <span class='ocrx_word' id='word_1_276' title='bbox 878 2245 1058 2283; x_wconf 86' lang='lat' dir='ltr'>infestior</span> <span class='ocrx_word' id='word_1_277' title='bbox 1090 2246 1192 2283; x_wconf 85' lang='lat' dir='ltr'>Tulli</span> <span class='ocrx_word' id='word_1_278' title='bbox 1223 2249 1411 2291; x_wconf 88' lang='lat' dir='ltr'>senectus,</span> <span class='ocrx_word' id='word_1_279' title='bbox 1445 2245 1498 2281; x_wconf 89' lang='lat' dir='ltr'>in-</span> 
     </span>
    </p>
   </div>
  </div>
 </body>
</html>
