1674 2506
640 174 775 201 cHAPs.
807 163 868 209 34,
900 163 959 200 35.
1409 158 1456 198 57

140 268 292 306 mulier.
349 268 513 305 Excelsa
526 272 567 304 et
585 268 667 303 alta
682 279 839 315 sperare
858 267 1048 315 conplexa
1067 265 1196 302 virum
1216 266 1349 303 iubet:
1370 277 1456 302 eam

139 331 284 377 alitem,
307 343 354 368 ea
381 330 538 379 regione
565 328 660 365 caeli
688 331 728 364 et
756 328 838 364 eius
865 328 925 364 dei
953 327 1137 364 nuntiam
1166 327 1327 372 venisse,
1357 325 1458 363 circa

139 404 334 429 summum
355 391 508 428 culmen
534 389 702 426 hominis
720 389 937 438 auspicium
957 388 1102 434 fecisse,
1122 389 1268 425 levasse
1287 388 1458 424 humano

139 452 426 502 superpositum
463 451 582 500 capiti
625 450 750 496 decus,
790 455 834 487 ut
875 450 1065 486 divinitus
1102 449 1224 486 eidem
1263 448 1455 486 redderet.

140 515 227 551 Has
256 526 341 562 spes
371 512 702 561 cogitationesque
735 523 863 547 secum
896 514 1100 560 portantes
1128 511 1265 546 urbem
1294 510 1457 559 ingressi
1482 522 1525 546 10

138 579 243 621 sunt,
273 574 542 622 domicilioque
570 573 623 610 ibi
651 576 878 621 comparato
913 572 955 608 L.
986 572 1247 620 Tarquinium
1281 571 1457 608 Priscum

138 636 290 673 edidere
310 648 462 672 nomen.
521 634 710 671 Romanis
729 635 977 682 conspicuum
998 646 1088 670 eum
1108 633 1265 669 novitas
1284 632 1458 669 divitiae·
1480 645 1495 669 1
1508 645 1521 668 1

139 710 212 747 que
231 696 444 742 faciebant,
464 700 504 732 et
532 696 612 745 ipse
640 695 842 732 fortunam
869 694 1037 743 benigno
1059 693 1252 743 adloquio,
1274 694 1459 730 comitate

138 758 335 795 invitandi
367 757 640 806 beneficiisque
675 769 771 806 quos
798 759 953 805 poterat
982 756 1055 792 sibi
1084 754 1323 792 conciliando
1350 754 1458 791 adiu-

139 820 271 865 vabat,
304 819 424 856 donec
457 819 497 855 in
538 819 685 868 regiam
714 829 867 866 quoque
900 816 946 853 de
983 829 1027 854 eo
1063 816 1171 853 fama
1204 817 1358 865 perlata
1385 821 1455 853 est.

137 881 411 929 Notitiamque
440 893 528 917 eam
558 880 665 916 brevi
697 879 802 928 apud
835 891 965 927 regem
999 878 1213 915 liberaliter
1245 879 1459 926 dextreque
1481 892 1522 916 12

137 942 314 979 obeundo
342 942 466 978 officia
503 941 544 977 in
582 940 789 977 familiaris
815 940 1010 976 amicitiae
1037 939 1255 976 adduxerat
1285 941 1381 984 iura,
1411 942 1458 975 ut

137 1003 301 1053 publicis
319 1002 468 1052 pariter
486 1014 529 1038 ac
548 1001 711 1050 privatis
726 1000 894 1037 consiliis
913 1000 1012 1037 bello
1032 1000 1215 1049 domique
1235 1000 1454 1046 interesset,

136 1068 177 1102 et
208 1077 277 1114 per
308 1064 440 1100 omnia
467 1067 653 1112 expertus
688 1066 883 1111 postremo
911 1065 1021 1098 tutor
1049 1062 1167 1099 etiam
1195 1061 1328 1098 liberis
1356 1061 1458 1110 regis

138 1128 373 1163 testamento
390 1124 679 1160 institueretur.

189 1247 368 1284 XXXV.
399 1246 598 1295 Regnavit
622 1246 758 1281 Ancus
785 1257 909 1281 annos
926 1248 1116 1294 quattuor
1144 1249 1184 1281 et
1204 1244 1359 1293 viginti,
1380 1245 1456 1280 cui·
1479 1264 1492 1288 1

137 1309 232 1346 libet
258 1309 500 1358 superiorum
529 1319 667 1355 regum
695 1306 787 1342 belli
815 1307 994 1355 pacisque
1022 1310 1062 1342 et
1091 1306 1244 1342 artibus
1265 1310 1306 1342 et
1333 1306 1456 1354 gloria

137 1383 220 1420 par.
276 1370 365 1406 Iam
393 1369 464 1405 filii
500 1380 620 1417 prope
647 1367 834 1416 puberem
862 1371 1034 1404 aetatem
1063 1371 1187 1404 erant.
1247 1367 1304 1403 Eo
1332 1367 1457 1415 magis

136 1430 371 1480 Tarquinius
398 1431 558 1475 instare,
579 1432 624 1465 ut
654 1441 771 1477 quam
800 1428 971 1478 primum
997 1428 1155 1464 comitia
1181 1428 1263 1477 regi
1291 1428 1457 1464 creando

138 1492 298 1538 fierent;
327 1491 468 1540 quibus
499 1489 656 1526 indictis
683 1489 756 1526 sub
788 1493 944 1538 tempus
972 1501 1110 1537 pueros
1138 1492 1326 1525 venatum
1355 1489 1457 1525 able-
1476 1507 1494 1530 2

138 1554 256 1602 gavit.
330 1553 446 1601 Isque
493 1551 642 1600 primus
687 1556 728 1586 et
773 1550 914 1599 petisse
960 1549 1165 1586 ambitiose
1212 1562 1375 1598 regnum
1417 1554 1457 1586 et

137 1614 351 1652 orationem
388 1612 532 1649 dicitur
564 1611 745 1648 habuisse
777 1611 827 1647 ad
860 1610 1118 1647 conciliandos
1150 1610 1274 1659 plebis
1306 1612 1456 1648 animos

138 1676 400 1724 conpositam:
434 1687 523 1711 cum
556 1686 596 1710 se
628 1686 706 1710 non
740 1686 822 1710 rem
862 1685 1002 1709 novam
1039 1676 1180 1721 petere,
1215 1673 1356 1721 quippe
1389 1672 1457 1721 qui
1474 1665 1495 1700 3

137 1749 217 1773 non
245 1736 405 1786 primus,
429 1734 530 1784 quod
559 1735 763 1783 quisquam
792 1734 987 1783 indignari
1017 1734 1202 1770 mirarive
1230 1737 1369 1782 posset,
1391 1733 1455 1770 sed

138 1797 280 1835 tertius
299 1797 449 1834 Romae
466 1796 695 1845 peregrinus
714 1807 880 1845 regnum
899 1795 1070 1831 adfectet
1085 1808 1095 1842 ;
1124 1798 1164 1831 et
1192 1794 1350 1831 Tatium
1378 1808 1455 1831 non

138 1871 184 1895 ex
216 1859 418 1908 peregrino
448 1857 573 1894 solum
604 1856 667 1893 sed
698 1856 819 1893 etiam
847 1869 895 1892 ex
927 1855 1038 1892 hoste
1066 1868 1195 1904 regem
1224 1855 1387 1901 factum,
1415 1859 1456 1892 et

138 1920 314 1956 Numam
353 1919 535 1968 ignarum
573 1918 681 1955 urbis
717 1932 795 1955 non
834 1922 1031 1967 petentem
1069 1919 1111 1954 in
1148 1930 1313 1966 regnum
1351 1917 1456 1953 ultro

138 1982 325 2018 accitum:
354 1993 405 2027 se,
426 1993 474 2017 ex
492 1993 569 2029 quo
589 1981 649 2017 sui
676 1983 814 2028 potens
834 1979 968 2025 fuerit,
991 1979 1157 2015 Romam
1185 1992 1274 2015 cum
1294 1979 1456 2027 coniuge

138 2055 182 2079 ac
200 2042 370 2079 fortunis
388 2042 568 2078 omnibus
595 2041 869 2090 commigrasse
885 2055 895 2088 3
924 2042 1109 2078 maiorem
1138 2045 1290 2089 partem
1309 2040 1456 2077 aetatis
1476 2050 1499 2084 4

138 2103 231 2148 eius,
268 2115 346 2151 qua
382 2103 560 2139 civilibus
595 2102 726 2138 officiis
759 2102 982 2151 fungantur
1015 2102 1201 2147 homines,
1237 2101 1388 2138 Romae
1415 2113 1455 2137 se

139 2176 257 2212 quam
285 2164 327 2200 in
347 2168 477 2200 vetere
506 2163 638 2212 patria
658 2163 798 2199 vixisse
813 2176 823 2209 3
852 2163 954 2199 domi
981 2162 1223 2211 militiaeque
1248 2162 1320 2198 sub
1347 2161 1454 2198 haud

139 2224 372 2274 paenitendo
410 2225 610 2273 magistro,
648 2224 729 2273 ipso
766 2224 878 2260 Anco
915 2236 1017 2273 rege,
1056 2223 1238 2259 Romana
1276 2235 1316 2259 se
1354 2223 1452 2268 iura,
1473 2235 1490 2268 5

140 2286 338 2322 Romanos
365 2285 467 2322 ritus
492 2285 689 2322 didicisse:
719 2285 901 2334 obsequio
919 2288 960 2321 et
987 2285 1236 2321 observantia
1262 2285 1304 2321 in
1322 2295 1451 2333 regem
