1674 2506
190 127 240 164 60
782 141 873 167 mvv
905 141 927 167 t.

147 253 172 287 4
189 232 318 269 subito
353 233 396 269 in
433 232 567 282 fugam
597 237 836 270 averterent.
895 234 1053 271 Montes
1080 235 1202 272 effuso
1229 248 1346 273 cursu
1375 235 1509 274 Sabini

188 293 378 343 petebant
393 308 403 338 ;
432 298 473 331 et
500 294 615 342 pauci
642 297 814 340 tenuere,
842 297 1016 332 maxima
1042 308 1145 346 pars,
1167 301 1213 333 ut
1241 300 1335 335 ante
1363 298 1510 335 dietum

149 373 169 410 5
187 359 257 401 est,
278 355 329 391 ab
357 355 552 404 equitibus
579 355 622 392 in
650 356 795 393 flumen
823 356 902 393 acti
929 363 1037 395 sunt.
1092 358 1333 407 Tarquinius
1360 359 1510 396 instan-

187 416 281 453 dum
313 415 534 465 perterritis
570 421 694 462 ratus,
724 417 867 465 praeda
905 419 1146 468 captivisque
1175 419 1341 456 Romam
1370 420 1508 463 missis,

186 477 317 527 spoliis
348 477 615 514 hostium—id
652 481 787 514 votum
824 478 1004 515 Vulcano
1033 480 1326 529 erat—ingenti
1353 481 1509 518 cumulo

186 539 357 576 accensis
372 539 501 588 pergit
519 551 633 588 porro
652 539 692 576 in
708 552 847 588 agrum
863 539 1056 578 Sabinum
1071 542 1285 579 exercitum
1301 542 1507 590 inducere3

145 608 168 645 6
193 604 231 637 et
258 613 500 650 quamquam
529 600 631 637 male
658 605 790 650 gestae
817 614 879 638 res
906 606 1035 649 erant,
1064 615 1135 639 nec
1163 608 1342 653 gesturos
1369 604 1508 641 melius

186 674 342 711 sperare
362 666 558 711 poterant,
579 667 725 708 tamen,
745 663 839 712 quia
858 664 1083 701 consulendi
1102 677 1164 701 res
1182 678 1262 702 non
1280 665 1402 702 dabat
1420 677 1506 714 spa-

185 724 299 771 tium,
320 724 399 761 iere
418 724 575 762 obviam
595 724 731 761 Sabini
756 725 1021 763 tumultuario
1040 726 1166 763 milite
1180 741 1190 773 3
1210 727 1433 777 iterumque
1451 727 1505 764 ibi

185 784 264 822 fusi
282 786 446 835 perditis
464 786 544 823 iam
564 798 683 835 prope
702 787 817 823 rebus
835 799 971 835 pacem
990 788 1147 836 petiere.

147 928 162 951 1
237 908 491 946 XXXVIII.
523 908 691 946 Collatia
711 913 750 946 et
765 909 953 958 quidquid
972 910 1073 946 citra
1089 910 1298 948 Collatiam
1313 911 1401 960 agri
1419 916 1503 949 erat

184 970 340 1007 Sabinis
370 970 609 1019 ademptum,
626 970 987 1019 Egerius—fratris
1014 971 1077 1008 hic
1104 972 1208 1008 filius
1235 976 1320 1008 erat
1348 973 1503 1022 regis-

183 1031 374 1069 Collatiae
410 1031 453 1068 in
480 1031 673 1080 praesidio
701 1032 871 1069 relictus.
930 1031 1170 1081 Deditosque
1198 1033 1413 1070 Collatinos
1444 1034 1502 1071 ita

143 1113 162 1137 2
181 1093 327 1142 accipio
345 1105 509 1142 eamque
528 1093 736 1130 deditionis
763 1093 974 1130 formulam
995 1106 1100 1130 esse:
1130 1106 1200 1131 rex
1227 1094 1499 1144 interrogavit,

183 1158 205 1175 “
221 1155 378 1191 Estisne
397 1168 464 1191 vos
479 1154 600 1204 legati
620 1160 870 1204 oratoresque
889 1156 996 1191 missi
1009 1169 1033 1192 a
1052 1156 1195 1205 populo
1216 1156 1434 1203 Conlatino,
1454 1160 1501 1193 ut

181 1229 248 1254 vos
262 1216 528 1266 populumque
544 1216 798 1253 Conlatinum
815 1216 1007 1253 dederetis
1021 1218 1034 1254 ’ἐ
1048 1216 1067 1232 ”
1098 1221 1120 1237 “
1135 1216 1312 1254 Sumus.”
1342 1221 1365 1238 “
1378 1217 1501 1255 Estne

181 1278 346 1328 populus
365 1277 597 1314 Conlatinus
616 1278 658 1314 in
683 1291 754 1314 sua
779 1280 1002 1327 potestate?
1019 1277 1036 1293 ’'
1072 1281 1094 1298 “
1112 1278 1217 1315 Estf’
1258 1282 1280 1299 ‘⁴
1296 1279 1500 1316 Deditisne

180 1353 247 1376 vos
265 1339 530 1388 populumque
559 1339 825 1384 Conlatinum,
856 1339 994 1376 urbem
1013 1353 1127 1388 agros
1147 1353 1291 1389 aquam
1311 1341 1500 1377 terminos

180 1401 341 1438 delubra
361 1400 559 1446 utensilia,
579 1400 713 1437 divina
726 1400 981 1449 humanaque
999 1401 1131 1437 omnia
1144 1401 1186 1438 in
1205 1414 1333 1438 meam
1349 1402 1498 1451 populi-

178 1476 253 1513 que
284 1463 455 1499 Romam‘
483 1462 696 1499 dicionem'Z
713 1461 731 1477 '²
779 1465 801 1482 ‘⁶
818 1462 1042 1499 Dedimus.’'
1100 1463 1196 1499 “At
1225 1475 1294 1512 ego
1321 1464 1498 1513 recipio.''

139 1538 159 1573 3
178 1524 288 1561 Bello
309 1523 454 1560 Sabino
472 1522 646 1572 perfecto
666 1523 904 1572 Tarquinius
923 1522 1176 1572 triumphans
1195 1523 1363 1560 Romam
1382 1523 1495 1561 redit.

136 1604 160 1638 4
178 1585 278 1622 Inde
296 1584 439 1621 Priscis
458 1583 614 1620 Latinis
627 1584 774 1620 bellum
794 1583 899 1620 fecit.
956 1583 1038 1620 Ubi
1059 1596 1254 1632 nusquam
1274 1584 1324 1620 ad
1343 1585 1497 1621 univer-

176 1659 242 1683 sae
261 1646 318 1682 rei
337 1645 625 1682 dimicationem
645 1649 809 1681 ventum
828 1649 910 1691 est3
930 1645 980 1681 ad
1000 1644 1155 1693 singula
1174 1645 1315 1694 oppida
1333 1646 1494 1683 circum-

176 1707 335 1744 ferendo
354 1719 467 1743 arma
486 1719 600 1742 omne
628 1718 769 1742 nomen
800 1705 990 1742 Latinum
1010 1705 1172 1742 domuit.
1230 1705 1493 1754 Corniculum,

177 1768 335 1804 Ficulea
354 1772 477 1812 vetus,
495 1766 685 1812 Cameria,
707 1766 1034 1811 Crustumerium,
1054 1766 1268 1812 Ameriola,
1291 1767 1493 1814 Medullia,

175 1829 431 1874 Nomentum,
468 1827 564 1864 haec
601 1827 648 1864 de
677 1827 819 1864 Priscis
857 1827 1011 1863 Latinis
1048 1831 1119 1863 aut
1155 1828 1223 1876 qui
1251 1828 1301 1864 ad
1331 1829 1494 1866 Latinos

174 1890 397 1928 defecerant
425 1892 542 1937 capta
570 1887 722 1937 oppida.
781 1887 865 1923 Pax
892 1887 1030 1924 deinde
1057 1891 1116 1924 est
1143 1886 1263 1925 facta.

135 1970 155 2008 5
228 1951 381 1988 Maiore
408 1950 498 1986 inde
530 1950 663 1986 animo
694 1949 800 1998 pacis
831 1961 947 1997 opera
979 1948 1163 1984 inchoata
1192 1962 1308 1997 quam
1341 1954 1491 1998 quanta

175 2014 274 2050 mole
306 2016 479 2062 gesserat
511 2011 624 2057 bella,
659 2016 705 2047 ut
742 2023 820 2046 non
853 2010 1023 2058 quietior
1052 2010 1218 2059 populus
1245 2010 1348 2047 domi
1377 2016 1488 2059 esset,

133 2079 156 2114 6
174 2088 293 2125 quam
309 2074 474 2110 militiae
493 2072 653 2110 fuisset:
675 2086 769 2108 nam
788 2076 828 2108 et
847 2085 960 2108 muro
978 2072 1142 2120 lapideo,
1158 2072 1268 2108 cuius
1287 2072 1489 2110 exordium

174 2137 300 2186 operis
338 2135 481 2172 Sabino
514 2134 615 2170 beoll
644 2134 851 2170 turbatum
886 2137 982 2178 erat,
1022 2133 1172 2179 urbem,
1206 2146 1283 2182 qua
1314 2133 1486 2171 nondum

174 2199 384 2243 munierat,
405 2197 560 2244 cingere
588 2199 730 2244 parat;
758 2199 798 2230 et
826 2194 962 2230 infima
992 2193 1099 2229 urbis
1126 2194 1210 2230 loca
1237 2194 1338 2230 circa
1357 2195 1487 2233 forum

173 2260 347 2309 aliasque
379 2256 606 2294 interiectas
633 2255 793 2292 collibus
821 2254 1024 2300 convalleS,
1045 2255 1138 2303 quia
1165 2267 1212 2291 ex
1240 2255 1368 2304 planis
1396 2256 1487 2294 locis
