1674 2506
611 176 747 203 anPs.
779 166 840 210 54,
871 165 932 201 55.
1383 161 1427 198 77

110 272 241 322 capita
261 271 403 308 dicitur
421 269 560 306 baculo
586 266 808 305 decussisse.
863 265 1153 315 Interrogando
1178 264 1432 315 expectando-
1452 271 1470 306 7

111 345 186 382 que
204 343 432 380 responsum
451 329 617 367 nuntius
635 328 770 373 fessus,
785 330 832 364 ut
851 339 893 363 re
911 326 1143 376 inperfecta,
1158 326 1261 362 redit
1276 324 1431 371 Gabios,

110 405 210 442 quae
238 392 382 429 dixerit
409 392 491 440 ipse
519 401 697 439 quaeque
715 388 868 432 viderit,
892 388 1039 425 refert:
1069 400 1137 424 seu
1162 387 1223 424 ira
1252 399 1320 424 seu
1346 386 1432 423 odio

111 467 180 492 seu
216 453 397 503 superbia
433 452 554 489 insita
589 450 744 499 ingenio
781 449 931 485 nullam
961 461 1051 485 eum
1080 460 1212 485 vocem
1249 447 1430 484 emisisse.

114 516 232 553 Sexto
260 515 340 560 ubi,
370 513 464 562 quid
498 511 615 549 vellet
651 523 807 560 parens,
841 510 984 559 quidve
1020 509 1264 559 praeciperet
1300 508 1433 545 tacitis
1451 507 1473 543 8

112 576 353 625 ambagibUS,
373 574 516 624 patuit,
533 574 722 623 primores
740 572 916 608 civitatis
943 571 1188 608 criminando
1208 570 1304 607 alios
1327 569 1432 618 apud

112 638 312 688 populum,
350 636 446 673 alios
491 648 563 672 sua
608 635 711 683 ipsos
746 633 894 669 invidia
932 637 1172 682 opportunos
1217 630 1431 668 interemit.

115 698 237 735 Multi
264 697 405 747 palam,
426 695 597 744 quidam,
617 695 659 731 in
686 694 828 743 quibus
856 693 986 730 minus
1013 694 1183 742 speciosa
1210 691 1434 729 criminatio

114 764 200 796 erat
225 758 376 803 futura,
396 757 494 794 clam
519 755 731 793 interfecti.
789 754 927 791 Patuit
955 754 1188 803 quibusdam
1212 754 1434 790 volentibus
1453 767 1474 803 9

115 821 223 870 fuga,
252 823 322 856 aut
350 819 392 855 in
424 818 585 855 exilium
618 817 698 853 acti
727 820 834 862 sunt,
864 816 1165 864 absentiumque
1193 815 1294 852 bona
1321 815 1434 851 iuxta

114 887 233 931 atque
249 881 575 927 interemptorum
595 877 735 914 divisui
760 877 880 913 fuere.
939 876 1187 925 Largitiones
1211 875 1301 912 inde
1326 887 1435 924 prae—
1459 886 1502 910 10

115 944 284 992 daeque;
332 945 372 978 et
408 940 611 977 dulcedine
647 940 792 988 privati
829 937 1019 975 commodi
1061 950 1195 974 sensus
1241 936 1435 973 malorum

116 1005 361 1054 publicorum
402 1003 533 1048 adimi,
565 1001 684 1039 donec
713 1001 807 1038 orba
836 1000 994 1037 consilio
1025 999 1247 1048 auxilioque
1279 998 1435 1035 Gabina

116 1078 177 1102 res
197 1065 279 1114 regi
298 1065 475 1101 Romano
493 1065 577 1101 sine
596 1063 676 1100 ulla
695 1063 945 1100 dimicatione
963 1061 1005 1098 in
1024 1073 1187 1097 manum
1207 1060 1389 1096 traditur.

171 1187 256 1224 LV.
286 1186 422 1223 Gabiis
454 1185 618 1235 receptis
650 1185 888 1234 Tarquinius
926 1196 1061 1233 pacem
1089 1195 1178 1219 cum
1206 1182 1436 1230 Aequorum
1459 1192 1472 1215 1

116 1252 234 1298 gente
253 1247 356 1293 fecit,
378 1246 513 1284 foedus
532 1260 622 1283 cum
641 1247 774 1283 Tuscis
799 1244 1014 1282 renovavit.
1071 1243 1171 1280 Inde
1199 1242 1249 1280 ad
1274 1243 1434 1292 negotia

117 1310 271 1346 urbana
298 1310 476 1346 animum
505 1309 699 1345 convertit
712 1321 722 1355 3
751 1320 918 1357 quorum
946 1310 1032 1343 erat
1059 1305 1243 1355 primum,
1264 1308 1311 1341 ut
1331 1304 1437 1341 Iovis

116 1371 308 1420 templum
328 1371 369 1407 in
389 1373 523 1406 monte
541 1369 703 1419 Tarpeio
721 1374 1023 1406 monumentum
1043 1367 1155 1415 regni
1173 1366 1234 1403 sui
1252 1365 1437 1403 nominis-

116 1445 191 1481 que
217 1432 483 1480 relinqueret:
522 1431 754 1480 Tarquinios
781 1442 892 1480 reges
919 1430 1066 1475 ambos,
1096 1432 1248 1478 patrem
1277 1427 1435 1473 vovisse,

117 1493 241 1530 filium
269 1493 484 1542 perfecisse.
541 1492 595 1528 Et
623 1496 670 1528 ut
697 1492 822 1528 libera
849 1504 873 1527 a
900 1491 1040 1528 ceteris
1067 1490 1318 1539 religionibus
1346 1500 1437 1525 area
1457 1501 1476 1525 2

118 1558 218 1591 esset
246 1558 331 1591 tota
351 1554 456 1590 Iovis
484 1553 698 1602 templique
725 1552 820 1599 eius,
841 1551 943 1601 quod
972 1551 1302 1595 inaedificaretur‚
1322 1562 1437 1586 exau·

117 1627 258 1664 gurare
283 1614 377 1651 fana
402 1614 618 1662 sacellaque
646 1613 799 1659 statuit,
819 1624 919 1662 quae
947 1612 1098 1660 aliquot
1126 1611 1181 1647 ibi
1208 1624 1233 1647 a
1261 1610 1303 1648 Τ.
1323 1610 1437 1646 Tatio

119 1688 207 1725 rege
226 1676 397 1725 primum
416 1675 458 1711 in
477 1675 560 1724 ipso
585 1674 809 1711 discrimine
834 1673 1021 1710 adversus
1040 1672 1255 1709 Romulum
1280 1682 1438 1720 pugnae

118 1741 222 1783 vota,
242 1740 467 1774 consecrata
485 1737 800 1785 inaugurataque
820 1739 952 1784 postea
971 1734 1144 1770 fuerant.
1198 1733 1312 1769 Inter
1331 1732 1437 1781 prin·
1455 1748 1476 1784 3

117 1799 218 1848 cipia
238 1798 427 1835 condendi
445 1797 562 1835 huius
589 1799 715 1846 operis
741 1798 904 1834 movisse
933 1809 1079 1833 numen
1109 1795 1159 1832 ad
1186 1794 1436 1832 indicandam

118 1860 223 1897 tanti
242 1859 393 1909 imperii
412 1859 554 1895 molem
572 1858 748 1895 traditur
766 1858 856 1895 deos
867 1872 877 1905 ς
907 1871 1000 1894 116111
1020 1870 1107 1894 611111
1126 1856 1303 1893 omnium
1322 1854 1437 1892 sacel-

118 1922 245 1958 lorum
260 1921 589 1970 exaugurationes
600 1920 859 1956 admitterent
878 1932 980 1964 aves,
997 1919 1038 1955 in
1053 1918 1226 1955 Termini
1246 1917 1339 1953 fano
1358 1930 1435 1953 non

117 1981 308 2018 addixere.
365 1981 489 2030 quue
517 1993 631 2018 omen
651 1981 940 2030 auguriumque
964 1980 1021 2016 ita
1045 1983 1248 2028 acceptum
1268 1981 1336 2024 est,
1358 1990 1438 2014 11011
1456 1993 1479 2026 4

119 2045 266 2079 motam
297 2042 472 2079 Termini
501 2042 630 2079 sedem
662 2054 864 2091 unumque
896 2054 985 2078 eum
1016 2041 1174 2077 deorum
1204 2052 1283 2076 non
1308 2051 1439 2076 evoca-

118 2107 205 2140 tum
221 2103 383 2140 sacratis
403 2103 475 2139 sibi
490 2103 634 2140 finibus
645 2103 760 2139 firma
779 2103 1012 2151 stabiliaque
1031 2105 1174 2138 cuncta
1194 2100 1436 2150 portendere.

120 2164 208 2201 Hoc
233 2164 510 2213 perpetuitatis
537 2164 707 2213 auspicio
725 2167 882 2212 accepto
910 2167 1087 2200 secutum
1106 2161 1213 2198 aliud
1239 2160 1435 2209 magnitu-
1458 2175 1476 2213 5

120 2226 250 2263 dinem
269 2225 422 2275 imperii
446 2225 684 2274 portendens
711 2225 931 2274 prodigium
959 2228 1040 2260 est:
1070 2229 1187 2271 caput
1216 2222 1435 2258 humanum

118 2288 274 2335 integra
302 2285 400 2323 facie
424 2286 688 2334 aperientibus
706 2285 968 2322 fundamenta
987 2284 1124 2333 templi
1143 2283 1289 2319 dicitur
1316 2294 1434 2331 appa-
