1674 2506
706 165 821 191 CHAP.
853 155 914 191 32.
1423 157 1470 193 53

151 254 265 292 initio
296 259 395 302 erat,
424 256 472 293 ad
510 260 644 306 patres
671 256 854 302 redierat,
884 256 1003 306 hique
1030 257 1267 306 interregem
1295 258 1472 295 nomina-

151 320 301 353 verant.
376 317 461 362 Quo
497 317 654 354 comitia
692 317 862 355 habente
897 318 1058 355 Ancum
1096 317 1293 355 Marcium
1340 331 1470 368 regem

150 378 317 427 populus
352 378 501 415 creavit
515 392 526 425 3
560 383 690 427 patres
723 378 833 416 fuere
869 383 1061 416 auctores,
1118 379 1276 416 Numae
1303 379 1472 428 Pompili

149 439 251 488 regis
269 451 388 488 nepos
407 439 487 476 filia
506 444 617 476 ortus
635 440 773 476 Ancus
794 439 967 477 Marcius
986 444 1084 478 erat.
1141 441 1219 485 Qui
1239 444 1286 477 ut
1304 453 1471 490 regnare
1493 451 1510 474 2

148 501 285 550 coepit,
304 504 345 538 et
363 501 496 538 avitae
514 501 659 550 gloriae
679 514 839 548 memor,
859 506 899 539 et
918 502 1012 550 quia
1040 502 1261 551 proximum
1290 515 1469 551 regnum,

148 565 277 599 cetera
297 563 508 612 egregium,
529 563 578 599 ab
596 575 677 599 una
696 567 811 612 parte
831 563 937 599 haud
957 564 1054 600 satis
1082 576 1312 612 prosperum
1335 562 1470 600 fuerat

148 628 220 661 aut
246 624 432 673 neglectis
460 624 714 673 religionibus
742 629 812 661 aut
840 638 961 674 prave
989 626 1116 671 cultis,
1147 625 1340 675 longeque
1368 625 1470 662 anti-

146 686 376 735 quissimum
395 690 507 723 ratus
526 699 637 723 sacra
658 687 813 735 publica
832 690 879 723 ut
897 687 948 723 ab
976 686 1113 723 Numa
1141 687 1327 723 instituta
1354 690 1470 723 erant

146 746 284 794 facere,
303 747 436 783 omnia
454 759 499 784 ea
518 760 565 784 ex
583 748 876 784 commentariis
894 747 998 796 regis
1016 747 1240 796 pontificem
1260 747 1302 783 in
1331 747 1465 783 album

146 807 270 845 relata
305 820 520 856 proponere
551 809 594 845 in
627 808 781 857 publico
817 809 937 845 iubet.
1010 808 1109 845 Inde
1147 812 1188 845 et
1219 808 1368 844 civibus
1397 807 1467 844 otii

145 868 293 918 cupidis
312 873 351 905 et
371 869 550 906 finitimis
569 869 795 906 civitatibus
814 869 924 906 facta
939 882 1025 918 spes
1045 869 1087 906 in
1107 869 1173 906 avi
1193 881 1320 905 mores
1347 873 1467 918 atque

145 930 330 966 instituta
348 942 477 978 regem
499 930 713 968 abiturum.
771 930 904 980 Igitur
924 930 1069 976 Latini,
1090 943 1179 968 cum
1199 931 1342 980 quibus
1354 930 1466 967 Tullo
1486 942 1506 976 3

144 995 335 1040 regnante
362 991 483 1028 ictum
513 992 648 1029 foedus
680 996 777 1039 erat,
807 993 1055 1030 sustulerant
1087 994 1260 1040 animos,
1290 998 1342 1038 et,
1377 1006 1465 1029 cum

143 1053 403 1090 incursionem
421 1054 463 1090 in
483 1067 622 1103 agrum
644 1054 870 1091 Romanum
890 1054 1085 1100 fecissent,
1114 1055 1385 1103 repetentibus
1404 1066 1466 1091 res

144 1115 334 1152 Romanis
366 1116 531 1164 superbe
558 1129 786 1165 responsum
820 1117 1001 1163 reddunt,
1035 1117 1206 1153 desidem
1240 1116 1464 1153 Romanum

143 1189 274 1226 regem
311 1177 416 1213 inter
451 1177 592 1214 sacella
628 1181 668 1214 et
704 1190 791 1214 aras
828 1181 1013 1214 acturum
1050 1190 1131 1214 esse
1168 1190 1333 1227 regnum
1371 1176 1462 1214 rati.

144 1238 321 1276 Medium
340 1242 427 1275 erat
447 1239 488 1276 in
506 1239 619 1275 Anco
647 1239 861 1286 ingenium,
882 1243 922 1276 et
951 1239 1108 1275 Numae
1137 1243 1177 1276 et
1207 1238 1368 1275 Romuli
1387 1251 1464 1274 me·
1484 1253 1503 1283 4

143 1313 252 1348 mor;
291 1303 331 1337 et
367 1304 643 1349 praeterquam
674 1300 775 1350 quod
804 1301 869 1337 avi
897 1313 1017 1350 regno
1046 1300 1169 1349 magis
1206 1299 1462 1337 necessariam

143 1362 260 1399 fuisse
278 1374 413 1411 pacem
433 1361 616 1399 credebat
633 1374 722 1398 cum
742 1362 783 1398 in
803 1374 903 1398 novo
921 1365 1007 1398 tum
1028 1361 1149 1398 feroci
1168 1361 1322 1410 populo,
1342 1361 1462 1397 etiam

142 1423 244 1474 quod
270 1423 329 1460 ini
356 1423 581 1473 contigisset
608 1423 745 1469 otium,
775 1423 858 1460 sine
889 1423 1036 1459 iniuria
1068 1423 1108 1459 id
1138 1435 1178 1460 se
1211 1422 1318 1459 haud
1347 1421 1463 1458 facile

142 1485 394 1523 habiturum:
424 1484 611 1534 temptari
638 1484 875 1533 patientiam
905 1488 946 1520 et
978 1487 1216 1533 temptatam
1251 1483 1461 1529 contemni,

142 1551 399 1596 temporaque
435 1558 516 1583 esse
552 1546 665 1582 Tullo
702 1545 785 1594 regi
822 1545 976 1594 aptiora
1012 1558 1131 1594 quam
1165 1545 1334 1581 Numae.
1403 1544 1463 1581 Ut
1483 1559 1501 1595 5

143 1612 287 1654 tamen,
309 1607 494 1656 quonjam
514 1606 651 1643 Numa
680 1607 721 1643 in
748 1618 841 1655 pace
869 1605 1075 1655 religiones
1103 1605 1352 1651 instituisset,
1373 1618 1396 1641 a
1423 1617 1462 1641 se

142 1668 302 1706 bellicae
320 1667 576 1705 caerimoniae
596 1667 866 1716 proderentur,
887 1679 957 1703 nec
985 1671 1218 1715 gererentur
1244 1666 1368 1703 solum
1397 1666 1462 1703 sed

142 1731 262 1768 etiam
281 1729 549 1766 indicerentur
577 1728 679 1765 bella
707 1727 836 1777 aliquo
865 1728 961 1774 ritu,
981 1728 1042 1764 ius
1070 1727 1121 1764 ab
1150 1727 1318 1775 antiqua
1345 1731 1461 1776 gente

141 1791 381 1841 Aequiculis,
411 1791 514 1840 quod
541 1803 647 1827 nunc
675 1789 829 1827 fetiales
862 1790 1022 1836 habent,
1052 1789 1266 1838 descripsit,
1296 1801 1373 1837 quo
1400 1801 1462 1825 res

141 1856 388 1903 repetuntur.

193 1914 368 1964 Legatus
394 1913 462 1950 ubi
489 1913 539 1950 ad
566 1913 662 1950 fines
689 1925 822 1949 eorum
850 1912 971 1958 venit,
992 1911 1096 1948 unde
1123 1923 1185 1947 res
1211 1914 1458 1959 repetuntur,
1479 1921 1500 1954 6

140 1977 266 2026 capite
302 1975 433 2012 velato
463 1974 699 2011 filo—lanae
731 1974 907 2010 velamen
941 1972 1212 2017 est—“Audi‚
1243 1972 1426 2021 Iuppiter
1441 1971 1460 1986 '¹

140 2037 281 2087 inquit,
299 2039 321 2056 “
334 2036 468 2073 audite
481 2035 579 2072 fines
591 2034 940 2083 ”—cuiuscumque
951 2034 1081 2082 gentis
1094 2037 1199 2078 sunt,
1214 2033 1458 2078 nominat—,

142 2099 333 2137 “Audiat
360 2097 442 2135 fas!
470 2110 541 2146 ego
573 2109 660 2134 sum
689 2096 869 2146 publicus
898 2095 1064 2132 nuntius
1093 2094 1226 2144 populi
1260 2094 1432 2130 Romani
1448 2108 1457 2140 3

140 2162 240 2198 iuste
259 2160 398 2209 pieque
416 2160 568 2208 legatus
586 2159 698 2196 venio
717 2158 922 2207 verbisque
941 2158 1037 2194 meis
1056 2156 1150 2193 fides
1168 2155 1253 2193 sit.''
1296 2155 1457 2204 Peragit
1479 2167 1497 2205 7

139 2221 278 2259 deinde
295 2220 504 2270 postulata.
551 2219 650 2256 Inde
670 2220 803 2256 Iovem
823 2222 963 2256 testem
983 2217 1102 2255 facit:
1125 2220 1147 2237 “
1164 2216 1205 2253 Si
1224 2229 1294 2265 ego
1313 2216 1458 2252 iniuste

140 2283 322 2332 inpieque
340 2282 426 2319 illos
446 2281 620 2318 homines
639 2281 803 2330 illasque
823 2293 884 2317 res
903 2279 1033 2316 dedier
1060 2278 1156 2315 mihi
1176 2290 1349 2327 exposco,
1370 2282 1454 2313 tum
