1674 2506
626 160 762 187 anrs.
794 150 855 195 59,
887 150 947 187 60.
1062 179 1064 181 .
1391 153 1440 189 83

124 251 333 289 miserabili
350 252 477 299 caede,
493 252 539 289 de
552 252 726 289 orbitate
739 252 970 301 Tricipitini,
987 253 1050 290 cui
1068 257 1194 290 morte
1205 254 1310 291 filiae
1324 267 1442 291 causa

124 314 260 350 mortis
294 313 492 363 indignior
528 326 574 350 ac
605 313 864 350 miserabilior
900 317 1010 350 esset.
1068 314 1221 351 Addita
1259 316 1441 364 superbia
1461 328 1483 363 9

122 375 242 424 ipsius
261 375 362 424 regis
381 375 634 423 miseriaeque
652 377 692 410 et
710 374 862 411 labores
873 374 996 424 plebis
1015 375 1054 411 in
1075 375 1198 412 fossas
1216 376 1441 425 cloacasque

121 435 408 473 exhauriendas
419 435 618 472 demersae
633 449 640 473 :
665 435 866 471 Romanos
884 435 1071 482 homines,
1087 437 1252 473 victores
1266 438 1439 474 omnium

120 498 220 535 circa
240 497 482 547 populorum,
502 497 656 546 opifices
675 509 721 533 ac
739 496 925 546 lapicidas
942 510 1011 546 pro
1031 497 1285 535 bellatoribus
1303 499 1439 536 factos,

121 559 292 609 Indigna
307 559 418 596 Servi
431 558 534 595 Tulli
553 559 655 607 regis
674 562 892 595 memorata
903 559 1030 595 caedis
1048 564 1089 595 et
1107 560 1263 596 invecta
1282 573 1441 609 corpore
1463 579 1507 602 10

120 621 246 670 patris
272 620 442 657 nefando
461 619 639 657 vehiculo
662 620 755 666 filia,
776 620 1026 669 invocatique
1054 620 1202 658 ultores
1229 626 1439 670 parentum

119 683 184 720 dii.
240 683 318 719 His
345 681 676 731 atrocioribusque
704 681 817 718 credo
845 682 943 727 aliis,
972 695 1072 731 quae
1099 695 1281 732 praesens
1308 696 1439 720 rerum
1462 702 1503 725 11

117 744 335 793 indignitas
360 743 667 792 haudquaquam
696 743 825 779 relatu
845 743 1099 792 scriptoribus
1127 744 1258 781 facilia
1285 745 1438 791 subicit,

118 806 342 842 memoratis
373 805 573 841 incensam
607 804 902 841 multitudinem
937 805 1121 854 perpulit,
1156 810 1202 842 ut
1231 806 1438 855 imperium

117 867 200 916 regi
227 866 449 915 abrogaret,
479 866 688 915 exulesque
716 878 796 901 esse
824 865 977 902 iuberet
997 866 1040 903 L.
1062 866 1320 915 Tarquinium
1350 880 1437 903 cum

116 929 279 977 coniuge
297 940 341 964 ac
356 927 496 964 liberis.
546 927 637 976 Ipse
655 927 884 973 iunioribus,
899 927 966 976 qui
980 927 1086 964 ultro
1101 930 1261 965 nomina
1276 929 1437 976 dabant,
1461 949 1476 973 1
1486 950 1504 973 2

117 989 225 1026 lectis
243 989 484 1037 armatisque
503 988 553 1024 ad
572 988 846 1024 concitandum
866 988 957 1025 inde
975 988 1162 1026 adversus
1182 1002 1312 1039 regem
1332 1002 1438 1027 exer-

115 1050 236 1087 citum
263 1049 438 1086 Ardeam
467 1049 509 1085 in
537 1054 667 1086 eastra
694 1053 754 1085 est
784 1049 980 1098 profectus
995 1063 1005 1096 3
1034 1049 1242 1098 imperium
1270 1051 1313 1088 in
1341 1052 1438 1088 urbe

116 1111 308 1157 Lucretio,
318 1110 516 1160 praefecto
528 1111 636 1147 urbis
650 1110 728 1146 iam
743 1114 836 1147 ante
852 1111 903 1147 ab
918 1123 1008 1159 rege
1023 1111 1221 1158 instituto,
1235 1113 1431 1162 relinquit.

116 1173 229 1209 Inter
261 1172 366 1208 hunc
398 1171 615 1208 tumultum
654 1171 782 1208 Tullia
815 1171 928 1208 domo
957 1171 1133 1221 profugit
1165 1175 1437 1211 execrantibus
1459 1190 1502 1225 13

114 1245 359 1283 quacumque
377 1232 582 1269 incedebat
601 1232 951 1282 invocantibusque
964 1237 1175 1281 parentum
1196 1233 1323 1271 furias
1342 1235 1436 1271 viris

114 1295 428 1342 mulieribusque.

167 1417 253 1454 LX.
284 1417 440 1454 Harum
462 1429 594 1453 rerum
608 1416 760 1453 nuntiis
778 1417 820 1453 in
834 1421 963 1454 castra
982 1417 1146 1466 perlatis
1165 1432 1253 1455 cum
1273 1432 1316 1456 re
1333 1433 1435 1457 nova
1460 1439 1473 1462 1

110 1479 287 1528 trepidus
305 1491 373 1515 rex
389 1482 569 1527 pergeret
589 1478 757 1514 Romam
777 1478 826 1514 ad
843 1479 1149 1527 comprimendos
1168 1484 1309 1526 motus,
1326 1481 1436 1518 flexit

111 1540 215 1576 viam
234 1540 612 1576 Brutus—senserat
631 1539 735 1575 enim
765 1539 1045 1586 adventum—‚
1067 1553 1117 1577 ne
1145 1541 1281 1578 obvius
1301 1542 1412 1579 fieret
1424 1557 1434 1590 5

110 1601 319 1649 eodemque
348 1599 430 1636 fere
455 1603 630 1648 tempore
648 1599 810 1636 diversis
837 1600 1045 1637 itineribus
1069 1601 1219 1639 Brutus
1246 1603 1432 1650 Ardeam,

111 1661 348 1710 Tarquinius
386 1660 554 1697 Romam
587 1664 792 1697 venerunt.
866 1661 1078 1711 Tarquinio
1106 1662 1262 1700 clausae
1297 1668 1433 1713 portae
1455 1679 1474 1702 2

111 1723 347 1771 exiliumque
360 1721 550 1758 indictum
559 1735 569 1768 3
589 1721 839 1758 liberatorem
854 1723 962 1759 urbis
976 1723 1082 1760 laeta
1097 1728 1224 1760 castra
1239 1737 1432 1774 accepere,

109 1784 314 1832 exactique
346 1783 435 1819 inde
468 1783 579 1820 liberi
608 1784 719 1832 regis.
777 1783 866 1820 Duo
897 1788 1050 1833 patrem
1080 1786 1203 1822 secuti
1231 1791 1337 1833 sunt,
1366 1787 1435 1836 qui

111 1844 315 1882 exulatum
328 1844 451 1881 Caere
463 1844 504 1880 in
518 1844 704 1880 Etruscos
715 1844 847 1881 ierunt
855 1858 864 1891 3
887 1845 1029 1882 Sextus
1040 1847 1278 1895 Tarquinius
1290 1847 1434 1884 Gabios

108 1909 310 1954 tamquam
332 1905 373 1941 in
393 1918 507 1941 suum
536 1918 701 1954 regnum
729 1906 926 1955 profectus
954 1907 1005 1943 ab
1033 1908 1228 1944 ultoribus
1257 1914 1433 1945 veterum

108 1967 383 2010 simultatium,
403 1980 502 2016 quas
516 1967 589 2003 sibi
609 1967 689 2016 ipse
708 1967 888 2004 caedibus
906 1969 1132 2018 rapinisque
1151 1970 1358 2016 concierat‚
1374 1974 1434 2007 est

106 2027 348 2064 interfectus.
388 2028 432 2064 L.
446 2028 685 2076 Tarquinius
699 2028 898 2077 Superbus
912 2031 1096 2078 regnavit
1115 2043 1240 2067 annos
1259 2032 1433 2081 quinque
1453 2042 1474 2077 3

107 2092 147 2126 et
166 2088 319 2138 viginti.
378 2088 604 2138 Regnatum
627 2090 777 2126 Romae
795 2091 846 2127 ab
861 2091 1018 2128 condita
1038 2092 1134 2129 urbe
1154 2093 1203 2129 ad
1222 2093 1432 2130 liberatam

107 2163 231 2187 annos
239 2151 424 2187 ducentos
436 2151 698 2200 quadraginta
710 2156 911 2201 quattuor.
942 2153 1032 2190 Duo
1045 2154 1220 2191 consules
1232 2155 1322 2191 inde
1334 2169 1432 2192 com—
1452 2174 1476 2208 4

108 2211 187 2248 itiis
200 2212 432 2248 centuriatis
450 2224 473 2248 a
492 2213 690 2262 praefecto
705 2214 813 2250 urbis
827 2226 876 2251 ex
894 2215 1185 2252 commentariis
1205 2216 1315 2253 Servi
1330 2217 1432 2253 Tulli

107 2273 231 2311 creati
249 2278 354 2321 sunt,
376 2274 420 2312 L.
444 2275 585 2312 Iunius
605 2276 754 2313 Brutus
773 2281 812 2313 et
832 2276 876 2314 L.
897 2277 1136 2326 Tarquinius
1155 2278 1385 2315 Collatinus.
