1674 2506
376 601 379 604 -
430 576 577 624 TITI
611 577 793 624 LIVH
833 577 1054 624 LIBER
1091 575 1134 625 I.

638 785 938 827 PREFATIO.

134 893 395 930 FACTURUSNE
423 904 565 942 operae
592 893 764 941 pretium
793 892 878 938 sim,
899 892 931 929 si
959 905 983 928 a
1012 893 1224 942 primordio
1253 893 1362 930 urbis
1389 905 1451 929 res
1475 898 1489 922 1

129 955 261 1005 populi
291 955 461 992 Romani
487 954 789 1003 perscripserim,
811 966 881 991 nec
909 954 1005 991 satis
1034 955 1122 1000 scio,
1149 968 1232 1001 nec,
1254 955 1287 991 si
1316 954 1449 1002 sciam,

129 1017 254 1054 dicere
279 1017 418 1063 ausim,
438 1016 584 1066 quippe
611 1016 678 1065 qui
704 1029 792 1053 cum
827 1019 999 1053 veterem
1023 1007 1112 1053 tum
1135 1016 1345 1065 vulgatam
1370 1028 1451 1053 esse
1472 1022 1491 1046 2

129 1091 211 1115 rem
247 1078 414 1124 videam,
448 1078 540 1114 dum
579 1077 670 1114 novi
708 1090 860 1126 semper
898 1078 1107 1126 scriptores
1144 1082 1217 1114 aut
1253 1078 1294 1114 in
1333 1078 1451 1114 rebus

132 1140 276 1176 certius
321 1139 471 1188 aliquid
516 1139 707 1175 allaturos
752 1151 792 1175 se
828 1143 900 1175 aut
937 1138 1133 1176 scribendi
1179 1142 1267 1175 arte
1313 1139 1450 1175 rudem

134 1204 372 1238 vetustatem
401 1204 652 1249 superaturos
680 1199 858 1236 credunt.
914 1199 1143 1249 Utcumque
1180 1200 1268 1246 erit,
1298 1199 1450 1236 iuvabit
1469 1207 1490 1243 3

132 1265 265 1299 tamen
283 1274 415 1298 rerum
435 1265 636 1310 gestarum
658 1261 866 1297 memoriae
891 1261 1079 1309 principis
1097 1265 1298 1297 terrarum
1319 1260 1450 1310 populi

130 1336 200 1373 pro
217 1323 322 1360 virili
344 1327 459 1372 parte
486 1326 526 1359 et
553 1323 681 1371 ipsum
710 1322 948 1359 consuluisse
963 1336 972 1365 3
1002 1326 1042 1359 et
1062 1322 1094 1358 si
1122 1323 1163 1359 in
1188 1326 1307 1358 tanta
1335 1322 1449 1370 scrip-

131 1388 263 1422 torum
282 1383 401 1433 turba
419 1396 505 1420 mea
525 1382 632 1419 fama
647 1385 688 1419 in
707 1383 867 1420 obscuro
887 1383 949 1428 sit,
967 1383 1175 1419 nobilitate
1195 1395 1240 1419 ac
1252 1381 1450 1431 magnitu—

131 1446 220 1483 dine
249 1457 383 1482 eorum
416 1457 488 1490 me,
521 1445 589 1493 qui
622 1444 771 1480 nomini
801 1444 969 1480 officient
1004 1456 1101 1490 meo,
1131 1444 1314 1480 consoler.
1372 1443 1492 1482 Res4

131 1510 190 1544 est
226 1510 430 1556 praeterea
465 1511 506 1542 et
548 1505 716 1541 inmensi
753 1505 891 1555 operis,
930 1508 976 1541 ut
1013 1517 1115 1554 quae
1152 1517 1269 1553 supra
1307 1506 1450 1552 septin-

131 1568 391 1618 gentesimum
421 1579 571 1603 annum
599 1570 815 1615 repetatur,
837 1570 876 1602 et
904 1578 1004 1615 quae
1023 1566 1073 1601 ab
1102 1566 1255 1614 exiguis
1274 1565 1450 1614 profecta

131 1629 254 1666 initiis
283 1641 327 1665 eo
363 1628 543 1673 creverit,
582 1618 627 1663 ut
663 1627 742 1663 iam
780 1627 1057 1675 magnitudine
1095 1626 1247 1663 laboret
1285 1640 1382 1673 sua;
1410 1630 1452 1663 et

132 1689 349 1739 legentium
386 1689 579 1738 plerisque
625 1687 733 1724 haud
780 1688 916 1725 dubito
953 1687 1049 1737 quin
1088 1688 1238 1737 primae
1283 1688 1452 1736 origines

131 1752 387 1802 proximaque
423 1750 640 1799 originibus
677 1750 808 1786 minus
836 1748 1066 1798 praebitura
1104 1748 1319 1797 voluptatis
1357 1748 1450 1794 sint,

131 1812 414 1850 festinantibus
433 1811 482 1847 ad
502 1811 598 1848 haec
616 1823 730 1856 nova,
751 1810 894 1859 quibus
911 1810 991 1846 iam
1017 1809 1166 1859 pridem
1186 1809 1452 1858 praevalentis

134 1873 267 1923 populi
299 1872 402 1909 vires
433 1884 474 1909 se
506 1871 612 1920 ipsae
640 1871 860 1908 conficiunt.
919 1871 1004 1919 Ego
1032 1874 1170 1907 contra
1199 1870 1271 1907 hoc
1298 1882 1452 1919 quoque
1472 1873 1492 1912 5

132 1934 275 1971 laboris
294 1933 511 1982 praemium
538 1936 683 1981 petam,
705 1935 750 1968 ut
770 1945 832 1968 me
851 1945 874 1968 a
895 1935 1101 1980 conspectu
1126 1931 1332 1976 malorum,
1353 1943 1452 1979 quae

133 1999 268 2033 nostra
288 1998 348 2031 tot
366 2007 436 2044 per
454 2006 579 2030 annos
598 1994 696 2030 vidit
715 1997 837 2038 aetas,
857 1993 1055 2041 tantisper
1074 1996 1191 2038 certe,
1212 1992 1305 2028 dum
1325 1993 1452 2040 prisca

134 2060 220 2094 tota
246 2056 314 2092 illa
342 2059 474 2092 mente
499 2059 645 2104 repeto,
672 2060 861 2100 avertam,
885 2055 1012 2091 omnis
1037 2066 1174 2103 expers
1201 2066 1330 2099 curae,
1352 2066 1451 2102 quae

131 2117 334 2155 scribentis
352 2116 527 2153 animum
548 2116 621 2152 etsi
641 2128 719 2151 non
740 2115 894 2152 flectere
913 2128 937 2150 a
957 2127 1058 2160 vero,
1079 2115 1291 2151 sollicitum
1312 2119 1450 2151 tamen

132 2179 281 2216 efficere
305 2181 443 2226 posset.
1088 2168 1109 2175 “’

187 2239 297 2283 Quae
316 2242 410 2275 ante
438 2237 637 2274 conditam
664 2237 954 2274 condendamve
980 2236 1116 2273 urbem
1146 2236 1306 2286 poeticis
1330 2237 1453 2285 magis
1473 2236 1494 2270 6

133 2299 270 2336 decora
303 2298 449 2335 fabulis
477 2311 594 2348 quam
636 2299 873 2347 incorruptis
908 2310 1041 2335 rerum
1078 2303 1281 2348 gestarum
1318 2310 1452 2334 monu-

233 2369 266 2395 ι.
632 2362 661 2368 ”’
1269 2360 1290 2396 2
