1674 2506
164 118 213 155 30
743 131 837 157 ΜΠ
875 132 903 159 1.

123 234 144 260 2
162 221 316 270 palatos
347 222 389 259 in
421 222 525 271 agris
554 223 756 272 oppressit.
814 223 907 260 Fusi
940 223 1064 273 igitur
1100 224 1228 274 primo
1259 225 1412 274 impetu
1443 227 1485 261 et

163 282 333 319 clamore
351 283 492 329 hostes,
512 284 698 333 oppidum
717 287 878 333 captum
895 297 906 332 ;
934 284 1156 334 duplicique
1178 285 1342 322 victoria
1361 298 1482 323 ovan-

162 348 242 381 tem
264 344 476 381 Romulum
497 345 673 381 Hersilia
691 345 862 382 coniunx
880 346 1060 395 precibus
1079 349 1290 396 raptarum
1309 346 1482 396 fatigata

164 409 263 452 orat,
297 410 344 442 ut
381 407 612 455 parentibus
648 419 785 444 earum
822 406 888 444 det
926 407 1082 444 veniam
1119 412 1161 445 et
1201 408 1244 444 in
1281 409 1483 445 civitatem

162 467 354 516 accipiat:
383 469 442 504 ita
470 481 553 504 rem
572 469 782 506 coalescere
808 469 1011 505 concordia
1038 482 1159 518 posse.
1217 469 1346 506 Facile
1364 469 1484 519 impe-

121 539 142 574 3
162 533 325 567 tratum.
384 529 485 566 Inde
503 534 640 566 contra
654 530 928 567 Crustuminos
943 530 1140 579 profectus
1155 531 1301 567 bellum
1314 531 1481 568 inferen-

163 595 233 627 tes.
288 590 351 627 Ibi
388 591 519 627 minus
556 592 691 638 etiam,
724 592 827 641 quod
873 592 1011 629 alienis
1049 592 1225 629 cladibus
1261 591 1483 629 ceciderant

121 659 144 691 4
162 651 296 697 animi,
330 652 555 689 certaminis
584 652 674 690 fuit.
730 652 916 702 Utroque
949 653 1122 690 coloniae
1160 655 1312 700 missae,
1351 653 1483 702 plures

162 713 329 759 inventi,
370 712 439 762 qm·
484 717 646 762 propter
682 714 909 751 ubertatem
941 720 1074 751 terrae
1106 714 1149 751 in
1180 713 1479 751 Crustuminum

162 774 323 811 nomina
344 775 496 812 darent.
554 775 606 811 Et
627 775 795 812 Romam
814 775 904 812 inde
923 775 1153 824 frequenter
1172 775 1391 824 migratum
1409 778 1481 822 est,

162 848 186 871 a
205 836 437 884 parentibus
455 837 627 873 maxime
646 850 692 874 ac
711 837 941 886 propinquis
959 841 1179 885 raptarum.

123 902 141 940 5
214 895 483 932 Novissimum
528 897 579 933 ab
625 896 782 934 Sabinis
826 897 974 934 bellum
1020 900 1165 943 ortum,
1204 897 1406 947 multoque
1442 897 1482 934 id

161 957 377 994 maximum
397 957 492 995 fuit:
522 958 621 994 nihil
642 959 748 995 enim
767 971 837 1007 per
855 959 956 995 iram
976 963 1048 995 aut
1067 958 1328 1007 cupiditatem
1347 963 1481 996 actum

121 1016 142 1051 6
161 1022 231 1064 est,
252 1031 323 1055 nec
346 1019 606 1055 ostenderunt
634 1019 779 1056 bellum
809 1019 917 1068 prius
944 1031 1063 1068 quam
1091 1019 1327 1058 intulerunt.
1385 1019 1481 1058 Con-

161 1079 246 1116 silio
264 1079 386 1116 etiam
405 1079 563 1116 additus
581 1079 701 1117 dolus.
760 1080 924 1129 Spurius
942 1080 1131 1130 Tarpeius
1150 1080 1353 1118 Romanae
1372 1094 1481 1130 prae-

162 1144 248 1177 erat
266 1141 357 1177 arci.
415 1141 547 1178 Huius
565 1141 687 1178 filiam
706 1141 900 1191 virginem
919 1155 1017 1178 auro
1036 1142 1251 1191 corrumpit
1269 1142 1418 1189 Tatius,
1434 1148 1481 1179 ut

162 1207 336 1239 armatos
354 1202 397 1254 in
416 1215 545 1239 arcem
565 1203 932 1252 accipiat—aquam
951 1202 1054 1239 forte
1071 1215 1118 1240 ea
1137 1206 1224 1240 tum
1236 1203 1356 1240 sacris
1366 1208 1480 1240 extra

122 1272 140 1308 7
161 1263 316 1300 moenia
344 1265 514 1312 petitum
540 1265 718 1312 ierat—3
747 1265 895 1314 accepti
922 1265 1103 1301 obrutam
1132 1264 1252 1301 armis
1280 1277 1478 1311 necavere,

161 1337 229 1362 seu
257 1329 303 1361 ut
330 1325 371 1361 vi
389 1330 504 1375 capta
531 1326 661 1374 potius
689 1338 763 1362 arx
790 1326 1002 1372 videretur,
1021 1338 1089 1362 seu
1108 1325 1295 1374 prodendi
1314 1327 1480 1375 exempli

121 1385 143 1420 8
161 1399 291 1433 causa,
305 1400 355 1424 ne
367 1387 461 1436 quid
481 1400 648 1436 usquam
668 1387 790 1423 fidum
810 1387 1001 1436 proditori
1021 1390 1131 1424 esset.
1179 1387 1355 1424 Additur
1369 1388 1480 1425 fabu-

162 1447 235 1492 lae,
273 1448 376 1497 quod
408 1448 526 1497 vulgo
564 1448 699 1485 Sabini
735 1461 878 1485 aureas
914 1447 1091 1485 armillas
1127 1449 1263 1497 magni
1300 1448 1480 1497 ponderis

164 1509 322 1546 brachio
341 1509 452 1546 laevo
471 1513 765 1558 gemmatosque
783 1521 929 1558 magna
956 1508 1082 1557 specie
1101 1509 1238 1545 anulos
1254 1509 1478 1551 habuerint,

164 1570 352 1619 pepigisse
371 1583 459 1607 eam
478 1570 581 1619 quod
608 1570 650 1606 in
669 1570 839 1606 sinistris
857 1570 1042 1606 manibus
1060 1569 1255 1607 haberent
1266 1583 1277 1617 3
1305 1583 1350 1607 eo
1368 1574 1479 1608 scuta

123 1642 144 1678 9
163 1630 220 1667 illi
256 1644 327 1679 pro
359 1631 488 1668 aureis
518 1631 628 1668 donis
652 1635 849 1680 congesta.
907 1630 1012 1668 Sunt
1048 1631 1116 1680 qui
1149 1643 1248 1677 eam,
1279 1643 1327 1668 ex
1363 1635 1479 1680 pacto

163 1692 346 1728 tradendi
382 1692 485 1741 quod
520 1692 562 1728 in
600 1692 769 1728 sinistris
805 1692 989 1728 manibus
1024 1695 1137 1737 esset,
1176 1691 1330 1729 derecto
1365 1704 1478 1728 arma

163 1752 304 1802 petisse
323 1753 469 1800 dicant,
489 1756 530 1789 et
548 1752 688 1789 fraude
707 1753 833 1789 visam
861 1764 979 1802 agere
996 1764 1069 1789 sua
1087 1751 1212 1801 ipsam
1232 1757 1477 1802 peremptam

164 1814 348 1851 mercede.

125 1950 141 1975 1
215 1936 319 1973 XII.
349 1937 525 1973 Tenuere
556 1940 693 1973 tamen
724 1949 852 1973 arcem
881 1936 1030 1982 Sabini,
1058 1940 1180 1985 atque
1207 1936 1298 1973 inde
1325 1941 1478 1986 postero

163 1997 236 2043 die,
251 2010 339 2033 cum
350 1998 553 2034 Romanus
568 1997 760 2034 exercitus
771 1998 989 2035 instructus
1009 1998 1112 2046 quod
1126 1998 1232 2034 inter
1246 1997 1476 2034 Palatinum

163 2058 508 2107 Capitolinumque
526 2059 660 2095 collem
690 2059 817 2107 campi
846 2063 904 2096 est
932 2060 1171 2108 complesset,
1192 2071 1270 2095 non
1290 2058 1398 2107 prius
1415 2059 1478 2096 de-

163 2120 399 2156 scenderunt
417 2119 459 2155 in
478 2132 659 2168 aequum,
681 2132 800 2169 quam
819 2120 880 2156 ira
896 2124 936 2156 et
954 2119 1172 2169 cupiditate
1190 2119 1477 2168 recuperandae

164 2181 262 2217 arcis
298 2181 530 2217 stimulante
575 2181 724 2217 animos
761 2181 802 2217 in
847 2181 1056 2218 adversum
1104 2181 1274 2217 Romani
1311 2180 1474 2218 subiere.

126 2252 145 2277 2
164 2241 364 2290 Principes
392 2242 591 2290 utrimque
622 2254 797 2291 pugnam
829 2242 1011 2279 ciebant:
1039 2242 1090 2278 ab
1120 2241 1276 2278 Sabinis
1308 2239 1477 2277 Mettius
