1674 2506
190 132 238 168 54
780 143 871 167 lev
901 143 925 168 1.

146 236 169 272 8
188 235 340 283 patriae
373 239 589 284 compotem
620 247 682 271 me
720 248 935 284 numquam
969 235 1056 272 siris
1093 234 1208 272 esse.''
1266 235 1386 280 Haec,
1419 248 1509 272 cum

188 296 284 332 fines
320 296 605 345 suprascandit,
638 296 744 342 haec,
775 297 1010 345 quicumque
1039 297 1075 333 ei
1107 296 1257 345 primus
1284 295 1345 332 vir
1373 296 1510 333 obvius

187 357 319 403 fuerit,
342 357 437 394 haec
457 361 612 407 portam
632 358 864 406 ingrediens,
886 358 983 394 haec
998 357 1129 394 forum
1149 358 1347 407 ingressus
1375 358 1509 406 paucis

187 418 316 455 verbis
330 418 514 455 carminis
533 418 853 467 concipiendique
867 419 964 455 iuris
979 418 1136 455 iurandi
1156 419 1324 455 mutatis
1342 418 1506 468 peragit.

146 492 167 527 9
189 478 230 515 Si
248 492 327 516 non
345 479 544 516 deduntur
572 492 668 528 quos
697 480 878 529 exposcit,
900 480 1035 516 diebus
1063 480 1193 516 tribus
1221 484 1261 516 et
1289 480 1510 528 triginta—

124 558 168 582 10
186 543 247 577 tot
266 541 370 577 enim
391 540 594 577 sollemnes
613 541 929 590 sunt—peractis
949 540 1096 577 bellum
1111 540 1169 577 ita
1181 540 1319 577 indicit
1335 555 1343 578 ι
1367 540 1509 577 “Audi

187 601 368 650 Iuppiter
387 606 427 638 et
445 606 490 638 tu
512 602 610 637 Iane
639 601 803 646 Quirine
831 601 962 650 diique
990 614 1124 638 omnes
1152 601 1338 638 caelestes
1365 613 1509 650 vosque

186 666 392 700 terrestres
419 675 563 712 vosque
590 662 737 699 inferni
766 663 924 701 audite!
953 676 1024 712 ego
1052 676 1118 700 vos
1155 667 1291 709 testor,
1320 663 1508 712 populum

186 725 296 762 illum
310 724 619 774 '’—quicumque
656 729 726 771 est,
761 725 1020 761 nominat—“
1037 725 1230 761 iniustum
1258 737 1350 770 esse,
1384 737 1509 773 neque

185 786 246 822 ius
264 786 491 834 persolvere.
551 785 626 822 Sed
655 785 701 822 de
729 786 815 822 istis
842 786 958 822 rebus
985 786 1029 822 in
1058 786 1188 834 patria
1216 786 1382 822 maiores
1410 789 1509 822 natu

186 847 440 893 consulemus,
461 859 538 895 quo
559 850 673 896 pacto
692 847 753 883 ius
771 850 951 883 nostrum
980 846 1279 894 adipiscamur.’'
1335 846 1434 883 Cum
1462 847 1510 882 iis

125 928 163 952 [1
185 907 350 943 nuntius
372 907 539 943 Romam
558 907 609 943 ad
629 906 910 943 consulendum
930 907 1045 944 redit.
1105 906 1321 944 Confestim
1351 920 1420 944 rex
1449 907 1509 944 his

185 969 307 1006 ferme
345 969 473 1005 verbis
505 973 637 1017 patres
668 969 920 1007 consulebat:
963 969 1177 1012 “Quarum
1210 981 1343 1005 rerum
1377 969 1507 1005 litium

184 1043 392 1067 causarum
411 1029 585 1066 condixit
604 1033 719 1078 pater
740 1033 924 1078 patratus
944 1030 1078 1079 populi
1099 1030 1270 1066 Romani
1288 1030 1505 1074 Quiritium

185 1091 292 1140 patri
320 1095 479 1140 patrato
516 1091 739 1128 Priscorum
769 1090 1005 1127 Latinorum
1038 1091 1338 1140 hominibusque
1367 1091 1509 1128 Priscis

186 1153 353 1199 Latinis,
375 1166 472 1201 quas
491 1165 553 1189 res
572 1166 642 1190 nec
662 1152 856 1189 dederunt
885 1165 956 1190 nec
984 1154 1187 1190 solverunt
1215 1166 1287 1190 nec
1314 1153 1506 1200 fecerunt,

184 1227 280 1263 quas
299 1226 360 1251 res
378 1214 464 1250 dari
483 1214 567 1250 fieri
587 1214 682 1250 solvi
694 1214 879 1263 oportuit,
896 1213 989 1259 dic,''
1001 1214 1131 1263 inquit
1143 1214 1189 1260 ei,
1206 1226 1321 1263 quem
1337 1214 1508 1263 primum

123 1291 163 1314 12
184 1276 420 1312 sententiam
440 1276 619 1324 rogabat,
642 1275 772 1324 “quid
786 1288 916 1312 censes
930 1277 943 1312 ’.ἱ
956 1275 974 1290 ”
994 1280 1081 1312 tum
1101 1276 1187 1312 ille:
1210 1278 1232 1296 “
1247 1275 1352 1312 Puro
1368 1275 1508 1324 pioque

185 1337 312 1373 duello
345 1336 589 1385 quaerendas
620 1348 766 1381 censeo,
801 1337 937 1385 itaque
974 1336 1175 1373 consentio
1207 1337 1507 1385 consciscoque.”

184 1397 284 1434 Inde
302 1397 436 1433 ordine
460 1397 529 1434 alii
556 1397 812 1447 rogabantur,
834 1397 1071 1446 quandoque
1099 1410 1190 1446 pars
1219 1398 1345 1434 maior
1372 1410 1506 1435 eorum

183 1459 251 1508 qui
282 1458 447 1496 aderant
476 1460 517 1495 in
545 1459 710 1496 eandem
738 1459 977 1496 sententiam
1005 1460 1101 1506 ibat,
1132 1459 1277 1496 bellum
1305 1463 1392 1496 erat
1420 1472 1506 1497 con-

185 1532 353 1557 sensum.
424 1520 528 1556 Fieri
562 1520 733 1566 solitum,
764 1524 811 1556 ut
849 1520 994 1557 fetialis
1024 1520 1177 1557 hastam
1210 1520 1401 1557 ferratam
1434 1525 1506 1557 aut

183 1582 439 1630 sanguineam
460 1585 685 1630 praeustam
707 1581 757 1618 ad
777 1582 873 1618 fines
892 1595 1026 1618 eorum
1046 1582 1180 1628 ferret,
1209 1586 1249 1620 et
1277 1595 1356 1619 non
1376 1585 1507 1620 minus

120 1662 162 1698 13
184 1643 310 1680 tribus
335 1643 548 1691 puberibus
576 1644 847 1691 praesentibus
881 1643 1048 1680 diceret:
1081 1647 1102 1663 “
1119 1644 1231 1688 Quod
1259 1644 1392 1693 populi
1420 1644 1505 1681 Pri-

183 1717 332 1740 scorum
353 1704 588 1741 Latinorum
608 1705 863 1753 hominesque
883 1705 1006 1741 Prisci
1028 1706 1163 1742 Latini
1182 1705 1367 1743 adversus
1387 1719 1505 1755 popu-

183 1765 265 1801 lum
285 1766 510 1801 Romanum
539 1765 756 1809 Quiritium
776 1765 956 1802 fecerunt
977 1766 1240 1815 deliquerunt,
1263 1767 1364 1815 quod
1384 1781 1504 1817 popu-

182 1826 243 1862 lus
270 1826 472 1862 Romanus
505 1826 719 1870 Quiritium
752 1827 895 1862 bellum
921 1840 1009 1863 cum
1039 1826 1182 1863 Priscis
1210 1827 1365 1864 Latinis
1393 1829 1505 1865 iussit

183 1899 274 1933 esse,
295 1891 531 1936 senatusque
550 1886 683 1936 populi
710 1887 882 1923 Romani
901 1887 1117 1931 Quiritium
1138 1888 1290 1924 censuit
1310 1890 1504 1926 consensit

181 1948 380 1994 conscivit,
420 1952 466 1984 ut
506 1948 647 1984 bellum
686 1960 774 1984 cum
813 1948 956 1984 Priscis
994 1948 1149 1985 Latinis
1186 1949 1308 1995 fieret,
1332 1949 1381 1986 ob
1418 1962 1502 1987 eam

182 2021 264 2045 rem
301 2021 371 2057 ego
404 2009 647 2057 populusque
676 2009 880 2045 Romanus
908 2009 1060 2058 populis
1088 2009 1311 2046 Priscorum
1345 2010 1503 2048 Latino-

182 2082 270 2105 rum
291 2070 590 2119 hominibusque
619 2069 760 2106 Priscis
789 2070 944 2107 Latinis
973 2071 1116 2107 bellum
1145 2071 1274 2107 indico
1293 2071 1503 2121 facioque.”

118 2154 164 2189 14
184 2130 233 2167 Id
253 2131 320 2167 ubi
339 2131 511 2177 dixisset,
533 2131 688 2167 hastam
710 2131 752 2167 in
773 2131 868 2167 fines
886 2144 1020 2168 eorum
1033 2132 1252 2168 emittebat.
1309 2133 1397 2170 Hoc
1415 2138 1501 2170 tum

183 2191 294 2228 modo
308 2192 357 2228 ab
371 2192 526 2228 Latinis
544 2193 737 2240 repetitae
755 2204 817 2228 res
836 2205 881 2228 ac
899 2192 1045 2229 bellum
1060 2193 1263 2239 indictum,
1277 2206 1502 2243 moremque

183 2264 271 2289 eum
292 2253 435 2302 posteri
454 2258 696 2303 aeceperunt.
