1674 2506
215 150 264 188 82
807 164 899 189 LIVY
928 165 953 190 1.

214 251 470 302 prolapsaque
502 253 543 289 in
572 253 716 290 vulnus
745 253 977 290 moribunda
1009 253 1154 291 cecidit.
1213 254 1442 291 Conclamat
1470 254 1532 291 vir

213 318 413 363 paterque.

177 455 192 479 1
269 438 381 475 LIX.
412 439 563 475 Brutus
599 439 677 476 illis
708 439 818 476 luctu
856 440 1051 489 occupatis
1089 440 1262 476 cultrum
1299 453 1347 477 ex
1378 441 1536 478 volnere

217 500 420 537 Lucretiae
449 504 673 537 extractum
702 504 889 537 manante
917 513 1053 537 cruore
1075 513 1170 550 prae
1189 513 1229 537 se
1248 505 1398 546 tenens,
1420 504 1444 522 ‘⁴
1459 502 1535 538 Per

215 560 353 607 hune,'’
365 561 507 610 inquit,
524 564 545 581 “
560 561 819 598 castissimum
835 566 928 597 ante
942 562 1091 610 regiam
1106 561 1288 598 iniuriam
1304 563 1534 611 sanguinem

215 623 314 667 iuro,
339 635 494 672 vosque,
515 623 580 669 dii,
602 626 721 660 testes
740 623 851 668 facio,
873 635 935 659 me
962 623 1004 659 L.
1027 623 1284 672 Tarquinium
1315 623 1534 672 Superbum

215 697 304 721 cum
329 684 517 721 scelerata
545 685 708 734 coniuge
736 689 775 721 et
803 685 909 721 omni
937 685 1146 721 liberorum
1168 685 1289 734 stirpe
1318 686 1422 722 ferro
1439 685 1533 735 igni,

214 758 460 795 quacumque
494 746 634 782 dehinc
666 746 705 782 vi
738 745 893 794 possim,
925 749 1211 792 exsecuturum,
1246 758 1316 782 nec
1347 745 1432 782 illos
1464 759 1535 783 nec

173 825 196 852 2
215 807 337 844 alium
374 819 610 855 quemquam
649 819 814 855 regnare
852 807 1002 843 Romae
1038 806 1282 855 passurum.”
1351 806 1535 844 Cultrum

215 868 352 905 deinde
371 868 567 905 Collatino
585 868 718 913 tradit,
740 867 830 904 inde
851 867 1032 903 Lucretio
1045 879 1088 903 ac
1099 867 1271 913 Valerio,
1285 868 1536 916 stupentibus

215 929 402 966 miraculo
421 930 490 976 rei,
510 929 614 965 unde
643 942 789 965 novum
814 928 857 965 in
886 928 1001 965 Bruti
1023 932 1178 977 pectore
1205 928 1418 977 ingenium.
1475 928 1536 966 Ut

214 995 467 1040 praeceptum
497 993 593 1036 erat,
627 990 787 1037 iurant3
825 989 977 1038 totique
1009 990 1060 1026 ab
1090 989 1201 1026 luctu
1231 990 1331 1026 versi
1360 989 1403 1026 in
1434 990 1535 1027 iram

215 1053 399 1098 Brutum,
438 1052 519 1088 iam
555 1051 647 1088 inde
679 1051 729 1088 ad
764 1051 1070 1101 expugnandum
1112 1064 1278 1100 regnum
1316 1055 1534 1098 vocantem,

172 1129 194 1165 3
214 1118 400 1151 secuntur
428 1114 575 1150 ducem.
634 1113 796 1150 Elatum
822 1113 935 1150 domo
956 1112 1164 1149 Lucretiae
1181 1125 1321 1162 corpus
1342 1113 1385 1149 in
1404 1113 1534 1150 forum

213 1176 408 1221 deferunt,
425 1176 680 1224 concientque
699 1175 897 1220 miraculo,
913 1179 960 1211 ut
978 1174 1036 1220 fit,
1052 1175 1109 1211 rei
1128 1187 1250 1211 novae
1271 1178 1390 1223 atque
1409 1175 1534 1224 indig—

170 1255 194 1288 4
215 1238 339 1274 nitate
367 1237 557 1274 homines.
615 1237 693 1273 Pro
715 1249 756 1274 se
774 1237 938 1286 quisque
958 1237 1081 1273 scelus
1108 1237 1259 1285 regium
1279 1249 1325 1273 ac
1343 1237 1422 1273 vim
1442 1249 1534 1286 que-

211 1303 369 1336 runtur.
428 1298 564 1335 Movet
585 1311 673 1335 cum
686 1299 812 1347 patris
827 1299 1037 1343 maestitia,
1053 1302 1139 1334 tum
1157 1297 1307 1334 Brutus
1322 1299 1535 1347 castigator

211 1360 463 1398 lacrimarum
475 1363 593 1408 atque
604 1360 792 1396 inertium
804 1359 1065 1408 querellarum
1075 1362 1300 1407 auctorque,
1310 1360 1412 1407 quod
1419 1359 1532 1406 viros,

211 1421 314 1470 quod
329 1420 529 1457 Romanos
544 1421 706 1466 deceret,
724 1433 835 1457 arma
850 1420 1026 1469 capiendi
1037 1419 1222 1457 adversus
1236 1419 1392 1457 hostilia
1408 1433 1532 1458 ausos.

172 1501 192 1538 5
212 1483 488 1520 Ferocissimus
507 1482 670 1532 quisque
690 1482 878 1519 iuvenum
897 1495 985 1519 cum
1006 1483 1126 1519 armis
1145 1482 1392 1520 voluntarius
1411 1483 1532 1530 adest,

211 1545 388 1594 sequitur
424 1548 464 1581 et
496 1548 626 1581 cetera
657 1543 855 1581 iuventus.
923 1543 1023 1580 Inde
1055 1544 1141 1593 pari
1178 1544 1367 1593 praesidio
1398 1545 1534 1582 relicto

212 1606 404 1643 Collatiae
423 1605 471 1642 ad
492 1610 635 1654 portas,
653 1605 954 1655 custodibusque
973 1605 1088 1652 datis,
1103 1618 1152 1642 ne
1170 1606 1258 1655 quis
1272 1619 1361 1642 eum
1382 1610 1533 1644 motum

211 1668 368 1717 regibus
386 1668 604 1713 nuntiaret,
625 1668 743 1704 ceteri
763 1668 907 1703 armati
919 1667 1015 1703 duce
1028 1667 1154 1703 Bruto
1173 1667 1340 1703 Romam
1356 1668 1531 1717 profecti.

169 1742 190 1776 5
210 1729 293 1767 Ubi
312 1741 355 1765 eo
383 1732 548 1765 ventum
577 1733 647 1775 est,
677 1741 924 1778 quacumque
951 1728 1096 1765 incedit
1124 1733 1281 1765 armata
1307 1729 1530 1776 multitudo,

209 1802 394 1839 pavorem
420 1802 465 1826 ac
488 1789 706 1826 tumultum
726 1788 832 1826 facit.
889 1789 1042 1826 Rursus
1071 1789 1138 1825 ubi
1166 1789 1318 1826 anteire
1346 1791 1533 1839 primores

210 1851 380 1888 civitatis
420 1851 567 1897 vident,
605 1850 794 1900 quidquid
829 1851 893 1898 sit,
931 1851 1037 1888 haud
1073 1854 1220 1888 temere
1262 1863 1343 1888 esse
1379 1856 1530 1890 rentur.

169 1925 190 1967 7
209 1913 293 1950 Nec
312 1912 503 1949 minorem
523 1916 673 1949 motum
694 1913 916 1949 animorum
937 1912 1088 1949 Romae
1107 1916 1189 1949 tam
1208 1916 1325 1949 atrox
1343 1926 1404 1950 res
1424 1913 1529 1960 facit,

208 1986 326 2023 quam
360 1973 547 2010 Collatiae
585 1973 740 2010 fecerat.
798 1973 903 2023 Ergo
935 1985 984 2009 ex
1016 1973 1196 2010 omnibus
1227 1973 1318 2011 locis
1350 1974 1458 2011 urbis
1489 1974 1530 2011 in

208 2035 337 2072 forum
357 2035 542 2072 curritur.
590 2035 675 2079 Quo
694 2035 809 2071 simul
829 2039 992 2072 ventum
1012 2040 1082 2081 est,
1103 2047 1239 2084 praeco
1257 2035 1306 2071 ad
1324 2036 1530 2072 tribunum

209 2096 400 2141 Celerum,
422 2096 462 2132 in
482 2108 559 2144 quo
578 2099 665 2132 tum
679 2096 919 2145 magistratu
940 2095 1042 2133 forte
1062 2096 1212 2132 Brutus
1231 2100 1328 2142 erat,
1342 2096 1529 2146 populum

167 2159 189 2195 8
208 2159 424 2196 advocavit.
497 2158 561 2195 Ibi
606 2159 734 2195 oratio
772 2158 911 2194 habita
948 2171 1199 2207 nequaquam
1236 2160 1318 2195 eius
1364 2158 1530 2207 pectoris

208 2220 444 2270 ingeniique,
465 2219 568 2268 quod
595 2219 827 2256 simulatum
855 2219 906 2255 ad
933 2232 1020 2256 eam
1047 2219 1148 2256 diem
1176 2219 1322 2265 fuerat,
1342 2219 1389 2256 de
1417 2219 1456 2256 vi
1483 2232 1529 2256 ac

209 2282 369 2319 libidine
408 2281 493 2318 Sex.
524 2281 741 2330 Tarquinii,
779 2282 825 2318 de
862 2284 999 2330 stupro
1043 2281 1207 2318 infando
1244 2280 1451 2318 Lucretiae
1487 2284 1529 2318 et
