1674 2506
158 119 206 156 32
739 131 832 156 Lm
866 132 892 157 1.

157 225 378 259 transverso
414 223 564 272 impetu
601 222 707 259 facto
738 223 921 260 dirimere
957 222 1123 260 infestas
1152 225 1265 270 acies,
1296 223 1478 260 dirimere

155 284 247 330 iras,
268 284 359 320 hinc
379 289 512 333 patres
531 284 622 321 hinc
641 286 745 321 viros
763 290 931 331 orantes,
952 298 1001 322 ne
1027 297 1067 322 se
1091 285 1284 333 sanguine
1306 284 1477 322 nefando

155 345 274 382 soceri
315 346 527 395 generique
572 350 857 394 respergerent,
894 358 944 382 ne
986 347 1195 395 parricidio
1233 346 1479 383 macularent

115 411 296 475 3partus
332 419 433 453 suos,
470 411 659 456 nepotum
696 407 766 452 illi,
804 407 845 443 hi
878 407 1046 444 liberum
1084 408 1322 456 progeniem.
1397 407 1478 444 “Si

154 468 376 504 adfinitatis
408 467 513 504 inter
543 480 622 514 vos,
653 468 683 504 si
713 468 867 505 conubii
895 469 1012 517 piget,
1041 469 1083 505 in
1116 482 1186 505 nos
1213 469 1356 505 vertite
1385 469 1475 505 iras.

155 530 238 566 Nos
256 543 371 566 causa
390 529 494 575 belli,
510 542 580 566 nos
598 529 808 566 vulnerum
827 542 872 566 ac
887 530 1062 566 caedium
1074 530 1170 566 viris
1184 543 1229 567 ac
1248 530 1478 579 parentibus

154 604 300 628 sumus.
357 590 502 627 Melius
520 591 735 640 peribimus
753 604 873 641 quam
889 592 972 629 sine
990 592 1126 628 alteris
1141 597 1315 628 vestrum
1336 592 1478 628 viduae

115 656 225 720 4aut
257 653 374 689 orbae
403 652 613 689 vivemus.’'
670 652 807 689 Movet
844 664 906 689 res
942 666 1030 689 cum
1060 653 1357 689 multitudinem
1388 656 1476 689 tum

156 714 282 751 duces.
341 714 550 751 Silentium
583 717 624 750 et
656 713 865 763 repentina
898 714 945 750 fit
973 714 1106 763 quies,
1136 715 1227 751 inde
1258 715 1310 751 ad
1342 714 1478 751 foedus

155 775 379 812 faciendum
405 774 521 811 duces
549 774 757 823 prodeunt,
778 787 849 811 nec
876 787 1011 824 pacem
1040 775 1153 812 modo
1181 775 1246 811 sed
1274 775 1477 812 civitatem

155 849 277 873 unam
314 849 362 873 ex
399 836 552 873 duabus
592 837 756 883 faciunt,
794 849 959 886 regnum
997 837 1231 883 consociant,
1269 837 1477 885 imperium

155 910 270 935 omne
301 897 512 934 conferunt
542 897 723 934 Romam.
794 898 859 933 Ita
886 898 1090 946 geminata
1118 899 1227 943 urbe,
1257 901 1303 934 ut
1322 898 1478 935 Sabinis

155 963 289 996 tamen
307 957 458 1007 aliquid
478 957 651 1004 daretur,
666 958 839 1002 Quirites
858 971 882 994 a
901 958 1071 995 Curibus
1090 959 1289 1008 appellati.
1338 959 1478 996 Monu-

157 1023 337 1056 mentum
374 1018 457 1055 eius
494 1030 664 1067 pugnae,
697 1018 765 1054 ubi
803 1019 974 1067 primum
1005 1032 1053 1056 ex
1082 1020 1277 1068 profunda
1308 1033 1478 1058 emersus

156 1081 299 1131 palude
336 1093 475 1129 equom
514 1080 677 1116 Cui-tius
713 1079 756 1116 in
792 1079 893 1116 vado
929 1081 1085 1128 statuit,
1125 1082 1308 1119 Curtium
1347 1082 1475 1119 lacum

155 1142 420 1191 appellarunt.

210 1203 274 1240 Ex
306 1203 405 1240 bello
438 1207 523 1239 tam
552 1202 660 1239 'cristi
688 1203 793 1239 laeta
821 1206 984 1252 repente
1011 1215 1089 1254 pax
1116 1202 1285 1238 cariores
1313 1202 1479 1238 Sabinas

157 1264 252 1301 viris
269 1277 313 1300 ac
334 1264 566 1313 parentibus
585 1268 625 1300 et
644 1269 738 1300 ante
757 1276 890 1300 omnes
910 1264 1077 1300 Romulo
1089 1263 1160 1312 ipsi
1174 1263 1279 1300 fecit.
1324 1264 1478 1312 Itaque,

158 1338 245 1362 cum
275 1325 462 1375 populum
490 1325 533 1361 in
565 1325 695 1361 curias
724 1325 891 1374 triginta
918 1325 1121 1371 divideret,
1151 1325 1310 1361 nomina
1341 1337 1478 1361 earum

158 1387 276 1424 curiis
290 1386 474 1436 inposuit.
524 1386 572 1422 Id
592 1399 671 1422 non
689 1386 877 1432 traditur,
893 1399 982 1423 cum
1010 1386 1118 1422 haud
1139 1386 1254 1423 dubie
1273 1385 1478 1434 aliquanto

157 1461 347 1486 numerus
364 1448 488 1485 maior
507 1447 578 1484 hoc
600 1447 811 1483 mulierum
831 1446 965 1494 fuerit,
986 1451 1119 1484 aetate
1143 1460 1195 1483 an
1220 1447 1479 1496 dignitatibus

158 1510 238 1547 suis
270 1509 494 1546 virorumve
527 1521 580 1545 an
612 1512 717 1545 sorte
754 1508 877 1545 lectae
913 1509 1004 1554 sint,
1036 1520 1138 1557 quae
1167 1509 1329 1544 nomina
1362 1507 1479 1544 curiis

157 1571 311 1608 darent.
378 1569 525 1607 Eodem
554 1573 731 1619 tempore
762 1573 803 1606 et
834 1569 1038 1606 centuriae
1071 1573 1153 1605 tres
1184 1570 1362 1617 equitum
1392 1581 1479 1605 con-

157 1632 323 1681 scriptae
341 1634 458 1668 sunt:
489 1631 736 1667 Ramnenses
754 1630 806 1667 ab
825 1630 1006 1676 Romulo,
1027 1630 1078 1667 ab
1097 1630 1139 1667 T.
1157 1630 1270 1666 Tatio
1289 1629 1480 1666 Titienses

158 1693 368 1742 appellati3
407 1692 600 1729 Lucerum
629 1692 799 1728 nominis
826 1695 866 1728 et
899 1692 1061 1741 originis
1085 1704 1202 1728 causa
1228 1692 1380 1728 incerta.
1404 1694 1476 1728 est.

160 1755 260 1791 Inde
277 1767 356 1790 non
375 1753 487 1789 modo
505 1765 710 1789 commune
728 1752 793 1789 sed
813 1765 970 1789 concors
995 1753 1115 1789 etiam
1139 1764 1306 1801 regnum
1329 1753 1479 1789 duobus

159 1815 316 1864 regibus
334 1814 424 1851 fuit.

118 316 136 339 2

116 1172 138 1207 6

120 1367 138 1404 7

118 1543 140 1578 8

124 1918 139 1942 1
212 1937 331 1975 XIV.
362 1937 458 1973 Post
494 1936 645 1985 aliquot
674 1949 799 1973 annos
826 1936 1039 1986 propinqui
1065 1936 1168 1985 regis
1196 1936 1302 1973 Tatii
1329 1936 1479 1985 legatos

162 1998 424 2036 Laurentium
471 1998 644 2048 pulsant,
690 2010 856 2047 cumque
902 1998 1122 2034 Laurentes
1167 1998 1253 2035 iure
1298 2001 1474 2046 gentium

160 2062 333 2109 agerent,
363 2059 468 2107 apud
496 2059 653 2095 Tatium
682 2059 812 2107 gratia
840 2071 998 2095 suorum
1028 2062 1068 2094 et
1100 2071 1231 2107 preces
1259 2058 1346 2107 plus
1374 2065 1476 2107 pote-

160 2124 265 2157 rant.
315 2120 446 2168 Igitur
465 2119 620 2155 illorum
641 2132 807 2168 poenam
826 2118 868 2155 in
887 2131 927 2155 se
947 2119 1088 2156 vertit:
1109 2132 1203 2155 nam
1220 2119 1372 2164 Lavini,
1388 2132 1475 2155 cum

162 2182 212 2218 ad
241 2181 426 2218 sollemne
458 2181 691 2217 sacrificium
724 2193 768 2216 eo
797 2181 977 2226 venisset,
1001 2193 1191 2216 concursu
1221 2180 1327 2216 facto
1359 2181 1477 2217 inter-

119 2223 140 2258 3
162 2243 304 2279 ficitur.
361 2241 459 2277 Eam
488 2254 569 2278 rem
594 2242 724 2278 minus
746 2254 863 2290 aegre
889 2254 1010 2291 quam
1037 2241 1200 2290 dignum
1228 2245 1316 2277 erat
1342 2241 1477 2278 tulisse

123 2103 141 2127 2
