1674 2506
169 125 218 162 64
763 137 853 162 LIVY
882 136 907 161 1.

170 230 336 279 privatis
363 229 520 266 munire
547 241 648 278 opeS‚
679 232 720 266 et
751 240 811 275 ne,
841 228 970 277 qualis
1001 227 1104 264 Anci
1129 227 1296 264 liberum
1333 226 1490 263 animus

169 292 356 328 adversus
374 291 629 340 Tarquinium
652 290 796 336 fuerat,
816 289 908 326 talis
926 289 1111 325 adversus
1130 300 1170 325 se
1188 287 1379 336 Tarquini
1397 287 1488 324 libe-

170 365 259 389 rum
279 356 390 398 esset,
411 352 509 389 duas
527 352 630 388 filias
651 351 858 388 iuvenibus
883 350 1001 399 regiis
1029 349 1148 386 Lucio
1175 352 1297 398 atque
1317 348 1486 385 Arrunti

168 412 393 463 Tarquiniis
430 413 572 462 iungit.
643 412 727 451 Nec
768 412 878 461 rupit
923 415 1058 448 tamen
1100 409 1176 446 fati
1218 410 1489 446 necessitatem

126 462 146 487 ²
168 475 353 512 humanis
372 475 553 519 consiliis,
574 474 671 523 quin
692 473 840 510 invidia
869 473 980 521 regni
1000 473 1117 509 etiam
1137 472 1244 508 inter
1262 471 1490 508 domesticos

168 536 289 572 infida
309 537 440 572 omnia
459 539 578 584 atque
606 534 752 571 infesta
773 533 932 570 faceret.
990 533 1287 582 Peropportune
1307 531 1357 568 ad
1377 544 1488 581 prae-

168 599 289 634 sentis
317 598 490 646 quietem
527 600 656 633 status
694 595 840 632 bellum
871 608 959 632 cum
989 594 1356 632 Veientibus—iam
1384 594 1488 629 enim

129 674 151 710 3
167 659 343 696 indutiae
362 658 759 707 exierant-«aliisque
780 657 958 693 Etruscis
982 660 1197 704 sumptum.
1257 655 1308 691 In
1327 667 1371 691 eo
1389 654 1490 691 bello

168 724 208 757 et
228 720 356 757 virtus
383 724 423 756 et
449 720 611 756 fortuna
640 719 785 756 enituit
804 718 932 764 Tulli;
962 716 1126 766 fusoque
1144 716 1299 765 ingenti
1318 715 1489 752 hostium

169 781 343 818 exercitu
375 781 483 817 haud
515 781 658 817 dubius
689 793 771 826 rex,
795 792 863 816 seu
896 782 1058 827 patrum
1089 790 1157 814 seu
1187 777 1310 826 plebis
1339 777 1491 813 animos

169 842 470 891 periclitaretur,
485 842 653 878 Romam
673 841 800 877 rediit.

128 922 152 955 4
220 903 544 953 Adgrediturque
568 903 659 939 inde
688 903 737 938 ad
766 902 870 951 pacis
899 902 1013 950 longe
1041 901 1259 937 maximum
1289 912 1397 949 opus,
1431 903 1488 944 ut,

169 977 284 1015 quem
321 965 372 1002 ad
408 965 567 1001 modum
604 964 740 1001 Numa
777 963 900 1000 divini
945 966 1083 999 auctor
1112 962 1210 998 iuris
1246 961 1395 1006 fuisset,
1432 961 1491 997 ita

171 1026 351 1063 Servium
371 1026 612 1062 conditorem
631 1025 758 1062 omnis
782 1026 824 1060 in
853 1025 1012 1062 civitate
1040 1023 1275 1060 discriminis
1292 1022 1489 1059 ordinum-

169 1099 255 1137 que,
294 1087 436 1136 quibus
470 1087 577 1123 inter
609 1086 756 1136 gradus
794 1085 1000 1134 dignitatis
1037 1084 1300 1133 fortunaeque
1341 1083 1488 1133 aliquid

131 1169 150 1206 5
169 1147 391 1194 interlucet,
423 1148 569 1196 posteri
598 1147 706 1183 fama
744 1147 906 1183 ferrent.
966 1146 1135 1183 Censum
1165 1145 1270 1181 enim
1300 1145 1488 1190 instituit,

168 1222 253 1246 rem
272 1209 572 1246 saluberrimam
592 1212 708 1245 tanto
728 1208 866 1244 futuro
891 1207 1067 1256 imperio,
1089 1219 1136 1243 ex
1154 1219 1231 1255 quo
1251 1206 1351 1243 bello
1370 1206 1490 1256 pacis-

169 1283 244 1320 que
263 1270 400 1307 munia
418 1283 498 1307 non
518 1270 666 1306 viritim
696 1273 742 1306 ut
770 1273 875 1314 ante,
897 1269 963 1306 sed
982 1280 1053 1318 pro
1073 1268 1214 1304 habitu
1233 1267 1489 1316 pecuniarum

170 1333 319 1368 fierent.
390 1331 491 1367 Tum
523 1331 662 1368 classes
701 1331 975 1378 centuriasque
1012 1333 1052 1366 et
1088 1328 1194 1365 hunc
1229 1327 1405 1364 ordinem
1441 1340 1490 1365 ex

169 1405 287 1429 censu
307 1392 510 1441 descripsit
529 1391 591 1428 vel
610 1391 697 1441 paci
724 1390 905 1427 decorum
925 1389 987 1426 vel
1007 1389 1117 1425 bello.

133 1537 149 1562 1
222 1515 384 1552 XLIII.
415 1515 477 1551 Ex
508 1515 567 1560 iis,
595 1515 663 1563 qui
693 1517 851 1551 centum
885 1513 1039 1549 milium
1071 1511 1173 1549 aeris
1203 1514 1274 1548 aut
1302 1511 1489 1548 maiorem

169 1589 328 1614 censum
347 1576 550 1622 haberent,
571 1576 772 1625 octoginta
800 1574 968 1612 confecit
987 1574 1198 1620 centurias,
1218 1573 1490 1623 quadragenas

131 1657 151 1681 2
169 1638 366 1674 seniorum
412 1650 458 1674 ac
494 1637 718 1674 iuniorum:
765 1637 893 1685 prima
929 1635 1061 1672 classis
1097 1647 1230 1671 omnes
1274 1632 1464 1683 appellati
1478 1646 1489 1680 ;

170 1699 338 1736 seniores
370 1698 420 1735 ad
451 1698 560 1734 urbis
588 1698 805 1734 custodiam
834 1700 880 1733 ut
907 1700 1061 1745 praesto
1089 1699 1228 1741 essent,
1257 1695 1416 1731 iuvenes
1443 1697 1491 1730 ut

170 1759 264 1797 foris
299 1759 399 1795 bella
431 1762 624 1808 gererent.
694 1759 821 1794 Arma
858 1757 919 1794 his
951 1759 1147 1805 imperata
1179 1755 1293 1805 galea
1324 1755 1489 1804 clipeum

170 1833 304 1857 ocreae
331 1820 461 1866 lorica,
490 1819 623 1856 omnia
650 1832 697 1855 ex
726 1831 840 1865 aere3
868 1818 962 1854 haec
990 1822 1036 1854 ut
1065 1820 1296 1866 tegumenta
1323 1816 1491 1866 corporis

131 1902 154 1939 3
169 1885 322 1920 essent:
352 1880 433 1917 tela
451 1881 493 1917 in
521 1880 672 1917 hostem
702 1880 893 1928 hastaque
921 1883 961 1916 et
983 1878 1145 1927 gladius.
1202 1877 1373 1914 Additae
1399 1876 1492 1914 huic

170 1942 281 1980 classi
317 1942 417 1978 duae
453 1941 614 1978 fabrum
646 1941 861 1986 centuriae,
894 1952 996 1988 quae
1026 1939 1109 1975 sine
1145 1938 1266 1975 armis
1296 1937 1491 1987 stipendia

171 2004 370 2049 facerent;
417 2002 555 2039 datum
593 2014 737 2038 munus
773 2005 820 2037 ut
863 2000 1067 2036 machinas
1103 2000 1145 2036 in
1190 1999 1290 2036 bello
1326 1999 1488 2035 ferrent.

132 2087 157 2121 4
173 2064 351 2101 Secunda
376 2063 509 2100 classis
528 2063 643 2111 intra·
665 2066 824 2098 centum
844 2074 966 2110 usque
994 2061 1044 2097 ad
1073 2061 1245 2110 quinque
1271 2063 1311 2096 et
1338 2063 1492 2107 septua-

171 2126 284 2175 ginta
305 2124 456 2161 milium
481 2137 639 2161 censum
664 2123 863 2170 instituta,
884 2126 926 2160 et
944 2135 993 2159 ex
1011 2123 1069 2168 iis,
1090 2122 1306 2159 senioribus
1333 2120 1490 2157 iuniori-

172 2188 332 2235 busque‚
342 2185 484 2235 viginti
494 2185 732 2234 conscriptae
743 2184 956 2221 centuriae.
986 2184 1113 2220 Arma
1129 2183 1322 2231 imperata
1336 2186 1490 2218 scutum

133 2260 151 2297 5
173 2260 243 2297 pro
262 2247 394 2296 clipeo,
420 2250 461 2283 et
479 2250 636 2295 praeter
654 2246 815 2282 loricam
834 2244 966 2282 omnia
994 2244 1141 2281 eadem.
1188 2243 1344 2280 Tertiae
1362 2242 1492 2279 classis
