1674 2506
202 144 250 181 78
790 154 882 179 ωνγ
912 154 937 180 1.

160 242 181 278 6
199 248 334 294 ruisse,
347 260 449 296 quae
464 247 546 283 visa
563 247 708 296 species
726 246 834 283 haud
852 259 922 295 per
936 247 1119 296 ambages
1131 260 1259 283 arcem
1272 259 1356 283 eam
1368 245 1520 295 imperii

199 312 397 358 caputque
415 321 548 344 rerum
567 307 650 345 fore
669 307 926 356 portendebat
939 321 950 354 3
978 308 1095 356 idque
1121 308 1180 344 ita
1206 308 1377 344 cecinere
1395 311 1518 353 vates,

199 371 345 420 quique
372 370 414 406 in
442 370 538 406 urbe
567 372 693 414 erant,
715 381 886 418 quosque
915 368 963 404 ad
991 381 1079 405 eam
1108 381 1191 405 rem
1219 368 1520 405 consultandam

199 445 247 469 ex
263 431 427 468 Etruria
438 431 671 467 acciverant.
719 430 957 478 Augebatur
971 429 1021 465 ad
1035 430 1220 478 inpensas
1233 430 1336 479 regis
1351 430 1518 466 animus.

161 498 180 536 7
200 494 343 542 Itaque
375 492 605 528 Pometinae
629 491 850 537 manubiae,
883 503 983 539 quae
1011 490 1257 540 perducendo
1285 491 1335 527 ad
1363 491 1519 527 culmen

198 554 305 603 operi
338 554 561 590 destinatae
589 556 714 599 erant,
735 555 801 588 vix
831 552 873 589 in
907 552 1172 589 fundamenta
1205 553 1516 601 suppeditavere.

158 623 180 657 S
199 616 257 652 Eo
271 616 397 665 magis
416 615 547 660 Fabio,
564 620 843 664 praeterquam
863 614 964 663 quod
984 615 1182 663 antiquior
1201 620 1271 660 est,
1293 612 1520 651 crediderim

199 677 463 727 quadraginta
483 689 529 713 ea
548 676 629 713 sola
644 677 797 713 talenta
816 676 944 721 fuisse,
963 689 1082 725 quam
1103 675 1246 721 Pisoni,
1263 676 1331 724 qui
1350 674 1519 724 quadra-

159 751 180 786 9
199 739 311 788 ginta
349 738 457 775 milia
493 737 619 788 pondo
655 738 813 787 argenti
850 739 1018 787 seposita
1055 738 1098 773 in
1136 749 1223 773 eam
1256 749 1339 773 rem
1372 735 1518 781 scribit,

199 801 341 850 quippe
360 813 553 836 summam
574 800 761 848 pecuniae
781 813 906 849 neque
926 813 972 836 ex
992 799 1108 835 unius
1127 802 1214 834 tum
1242 798 1352 834 urbis
1376 796 1520 846 praeda

199 862 444 911 sperandam,
465 865 506 897 et
525 861 672 897 nullius
691 874 740 897 ne
762 861 902 897 horum
923 860 1079 909 quidem
1099 859 1415 908 magnificentiae
1434 870 1519 906 ope-

198 936 288 959 rum
307 922 571 959 fundamenta
590 935 670 959 non
689 928 1032 970 exsuperaturam.

162 1060 176 1083 1
252 1045 363 1083 LVI.
394 1046 582 1082 Intentus
627 1045 860 1094 perficiendo
905 1044 1052 1093 templo
1089 1043 1214 1080 fabris
1259 1042 1431 1090 undique
1471 1054 1520 1079 ex

199 1107 363 1144 Etruria
381 1107 513 1143 accitis
541 1120 620 1143 non
649 1107 813 1156 pecunia
841 1106 966 1142 solum
995 1105 1044 1142 ad
1072 1105 1112 1142 id
1140 1105 1297 1154 publica
1325 1108 1383 1141 est
1413 1116 1518 1149 usus,

199 1168 265 1206 sed
293 1168 419 1217 operis
447 1168 567 1204 etiam
595 1180 643 1204 ex
670 1167 793 1217 plebe.
850 1167 926 1212 Qui
955 1179 1044 1203 cum
1072 1166 1179 1202 haud
1207 1177 1353 1214 parvus
1372 1167 1412 1202 et
1439 1164 1520 1213 ipse

200 1230 364 1267 militiae
401 1229 610 1265 adderetur
647 1228 767 1274 labor,
802 1227 931 1264 minus
967 1233 1103 1264 tamen
1136 1226 1244 1276 plebs
1275 1225 1520 1274 gravabatur

160 1308 177 1330 2
198 1303 238 1328 se
265 1290 412 1339 templa
431 1290 545 1326 deum
573 1289 825 1325 exaedificare
845 1288 1025 1324 manibus
1052 1287 1142 1333 suis,
1164 1299 1283 1336 quam
1309 1289 1518 1334 postquam

198 1355 238 1388 et
265 1351 315 1388 ad
343 1351 432 1397 alia,
454 1353 500 1386 ut
527 1349 650 1398 specie
678 1349 830 1385 minora
858 1349 912 1386 sic
940 1348 1086 1385 laboris
1115 1348 1319 1396 aliquanto
1347 1346 1515 1392 maioris,

197 1412 508 1450 traducebantur
544 1424 673 1459 opera,
694 1410 798 1446 foros
827 1410 870 1446 in
902 1410 1000 1446 circo
1037 1408 1235 1445 faciendos
1271 1408 1519 1456 cloacamque

197 1474 420 1520 maximam,
437 1474 724 1522 receptaculum
743 1472 918 1509 omnium
937 1474 1291 1521 purgamentorum
1311 1470 1429 1515 urbis,
1445 1469 1518 1506 sub

196 1539 344 1573 terram
373 1535 566 1584 agendam
582 1548 592 1581 3
622 1534 764 1582 quibus
796 1534 946 1570 duobus
975 1532 1155 1581 operibus
1188 1531 1254 1567 vix
1286 1543 1389 1567 nova
1422 1530 1519 1567 haec

158 1611 178 1646 3
197 1596 492 1646 magnificentia
524 1595 733 1644 quicquam
766 1594 986 1643 adaequare
1013 1593 1153 1641 potuit.
1212 1592 1288 1628 His
1319 1591 1518 1628 laboribus

197 1658 368 1695 exercita
387 1657 509 1706 plebe,
526 1657 617 1705 quia
630 1660 669 1692 et
689 1655 777 1691 urbi
793 1654 1100 1700 multitudinem,
1121 1653 1189 1689 ubi
1202 1666 1295 1689 usus
1309 1665 1389 1688 non
1404 1655 1515 1698 esset,

197 1719 306 1757 oneri
320 1719 484 1756 rebatur
496 1730 587 1764 esse,
603 1721 642 1754 et
654 1717 798 1753 colonis
812 1716 1015 1753 mittendis
1028 1714 1209 1763 occupari
1227 1714 1348 1750 latius
1362 1713 1517 1762 imperii

196 1781 293 1817 fines
308 1779 472 1825 volebat,
489 1778 665 1827 Signiam
681 1777 922 1825 Circeiosque
933 1776 1076 1813 colonis
1094 1775 1212 1820 misit,
1225 1774 1415 1823 praesidia
1429 1773 1517 1810 urbi

196 1844 335 1880 futura
355 1847 463 1879 terra
481 1842 670 1891 marique.

155 1920 179 1954 4
250 1905 362 1941 Haec
395 1903 529 1952 agenti
561 1906 788 1952 portentum
819 1900 995 1938 terribile
1026 1901 1178 1938 visum:
1208 1900 1350 1949 anguis
1378 1911 1427 1935 ex
1455 1912 1516 1936 co·

196 1968 333 2003 lumna
368 1966 499 2014 lignea
534 1965 686 2013 elapsus
728 1977 817 2000 cum
854 1967 1045 1999 terrorem
1082 1961 1296 2010 fugamque
1330 1961 1373 1997 in
1408 1960 1517 2009 regia

196 2027 362 2072 fecisset,
384 2027 505 2075 ipsius
532 2026 633 2074 regis
657 2038 736 2062 non
756 2028 838 2060 tam
867 2023 997 2060 subito
1016 2034 1159 2072 pavore
1187 2021 1353 2070 perculit
1382 2025 1516 2070 pectus

158 2104 176 2141 5
196 2101 314 2138 quam
334 2088 461 2124 anxiis
475 2087 640 2135 inplevit
654 2086 768 2122 curis.
825 2085 969 2132 Itaque
988 2096 1076 2120 cum
1092 2082 1142 2119 ad
1161 2083 1317 2131 publica
1336 2082 1514 2131 prodigia

198 2149 356 2186 Etrusci
392 2153 553 2185 tantum
590 2152 699 2184 vates
736 2146 1029 2191 adhiberentur,
1064 2144 1136 2180 hoc
1168 2144 1277 2180 velut
1307 2143 1515 2180 domestico

196 2210 408 2248 exterritus
452 2210 538 2245 visu
586 2208 757 2257 Delphos
795 2207 845 2243 ad
882 2206 1051 2242 maxime
1096 2205 1276 2241 inclitum
1313 2205 1356 2240 in
1400 2205 1515 2241 terris

156 2279 177 2314 6
195 2274 396 2312 oraculum
434 2274 592 2309 mittere
628 2271 783 2309 statuit.
851 2271 988 2318 Neque
1026 2281 1209 2317 responsa
1241 2267 1406 2304 sortium
1445 2268 1513 2305 ulli
