1674 2506
130 295 147 331 7

133 656 154 692 8

135 791 156 827 9

116 1214 159 1238 10

115 1462 158 1488 11

118 1833 162 1858 12

124 2204 164 2238 ¹3

172 122 220 158 18
754 133 847 159 Lm
882 134 908 160 1.

171 225 315 262 mentis
338 225 565 273 traduntur,
592 239 639 263 ea
661 238 732 264 nec
760 226 972 264 adfirmare
999 240 1070 265 nec
1092 227 1270 265 refellere
1293 227 1335 263 in
1358 227 1490 263 animo

170 291 240 323 est.
300 287 433 323 Datur
463 288 558 325 haec
590 288 705 325 venia
737 289 982 338 antiquitati,
1012 292 1058 326 ut
1085 288 1282 326 miscendo
1315 289 1492 325 humana

172 348 313 385 divinis
350 348 564 397 primordia
602 349 759 386 urbium
798 350 1027 398 augustiora
1064 349 1196 387 faciat.
1272 349 1327 386 Et
1363 349 1396 386 si
1432 348 1493 385 cui

172 410 313 460 populo
343 410 458 447 licere
486 414 641 460 oportet
679 424 903 449 consecrare
931 412 1100 461 origines
1132 424 1223 448 suas
1250 414 1291 448 et
1319 410 1369 447 ad
1405 410 1494 448 deos

172 471 319 508 referre
351 475 540 517 auctores,
574 484 620 509 ea
651 465 743 510 belli
781 473 905 521 gloria
942 477 1002 510 est
1034 473 1177 523 populo
1215 473 1409 519 Romano,
1448 477 1494 509 ut

173 545 261 569 cum
280 545 395 569 suum
421 532 709 582 conditorisque
733 534 794 571 sui
818 538 1023 583 parentem
1051 534 1227 571 Martem
1250 534 1494 583 potissimum

174 593 289 639 ferat,
309 597 393 630 tam
412 596 455 630 et
482 594 553 631 hoc
581 598 719 643 gentes
746 595 946 632 humanae
973 596 1178 644 patiantur
1207 607 1332 644 aequo
1361 595 1494 632 animo

175 668 292 704 quam
312 648 521 703 imperium
541 656 763 705 patiuntur.
824 656 898 693 Sed
924 657 1020 694 haec
1039 660 1080 693 et
1099 656 1161 693 his
1180 656 1324 693 similia
1344 660 1495 693 utcum-

174 729 250 766 que
287 716 561 753 animadversa
592 721 664 754 aut
694 718 920 755 existimata
958 723 1088 764 erunt,
1128 718 1235 754 haud
1272 718 1315 754 in
1352 730 1496 767 magno

175 777 352 826 equidem
390 790 534 826 ponam
568 778 812 816 discrimine:
841 779 891 816 ad
921 779 990 816 illa
1020 779 1116 816 mihi
1143 792 1221 829 ‘pro
1258 791 1298 816 se
1334 780 1497 828 quisque

175 839 319 875 acriter
337 838 522 876 intendat
548 840 737 887 animum,
757 853 860 890 quae
883 842 978 887 vita,
999 838 1068 890 qui
1092 835 1220 877 mores
1244 840 1408 888 fuerint,
1428 853 1498 890 per

176 913 272 949 quos
292 900 394 936 viros
412 900 630 950 quibusque
650 902 803 938 artibus
828 901 931 938 domi
957 902 1200 951 militiaeque
1219 904 1258 938 et
1278 905 1440 951 partum
1457 904 1499 938 et

176 965 337 998 auctum
365 961 574 1011 imperium
601 963 677 1006 sit3
714 963 875 1001 labente
902 963 1041 1000 deinde
1068 963 1261 1013 paulatim
1297 963 1500 1012 disciplina

177 1023 285 1059 velut
318 1022 537 1060 desidentes
568 1024 694 1072 primo
726 1037 851 1062 mores
881 1027 1071 1073 sequatur
1104 1024 1249 1071 animo,
1280 1023 1422 1061 deinde
1451 1028 1497 1061 ut

178 1084 303 1133 magis
330 1085 534 1134 magisque
561 1085 661 1135 lapsi
690 1086 782 1132 sint,
812 1089 900 1123 tum
929 1087 986 1123 ire
1019 1086 1217 1135 coeperint
1253 1086 1496 1135 praecipiteS‚

178 1145 296 1182 donec
315 1145 366 1182 ad
384 1145 479 1182 haec
503 1149 694 1196 tempora,
715 1147 858 1195 quibus
876 1160 947 1184 nec
966 1147 1064 1184 vitia
1082 1151 1219 1184 nostra
1238 1159 1308 1184 nec
1327 1147 1500 1184 remedia

178 1207 262 1256 pati
280 1219 494 1256 possumus,
525 1211 760 1256 perventum
780 1212 850 1245 est.
909 1208 996 1245 Hoc
1023 1208 1121 1244 illud
1148 1211 1207 1244 est
1231 1208 1438 1258 praecipue
1457 1207 1499 1244 in

178 1268 398 1317 cognitione
426 1280 557 1304 rerum
586 1269 742 1306 salubre
770 1281 816 1306 ac
843 1269 1092 1318 frugiferum,
1113 1269 1239 1306 omnis
1265 1272 1306 1306 te
1333 1268 1500 1318 exempli

180 1330 412 1366 documenta
437 1329 479 1365 in
504 1329 664 1366 inlustri
689 1330 815 1379 posita
842 1333 1099 1367 monumento
1118 1329 1290 1376 intueri;
1318 1330 1409 1366 inde
1426 1330 1500 1367 tibi

179 1394 351 1439 tuaeque
388 1390 444 1427 rei
489 1391 668 1439 publicae
704 1392 806 1440 quod
843 1391 997 1429 imitere
1034 1392 1178 1440 capias,
1216 1388 1307 1428 inde
1343 1390 1500 1428 foedum

180 1453 348 1500 inceptu,
371 1451 527 1488 foedum
553 1452 675 1498 exitu,
702 1453 804 1501 quod
830 1453 940 1489 vites.
997 1452 1182 1489 Ceterum
1209 1455 1280 1489 aut
1302 1465 1364 1489 me
1393 1464 1501 1489 amor

181 1512 328 1562 negotii
359 1513 529 1562 suscepti
558 1512 674 1560 fallit,
703 1517 775 1550 aut
802 1513 914 1550 nulla
943 1527 1133 1563 umquam
1159 1526 1221 1551 res
1247 1513 1403 1563 publica
1431 1526 1502 1550 nec

181 1575 306 1612 maior
334 1587 404 1611 nec
433 1574 604 1611 sanctior
631 1587 702 1611 nec
730 1575 841 1611 bonis
868 1575 1055 1624 exemplis
1083 1574 1201 1611 ditior
1228 1574 1319 1621 fuit,
1353 1586 1424 1611 nec
1460 1574 1501 1611 in

181 1649 300 1685 quam
313 1635 515 1673 civitatem
527 1639 610 1672 tam
624 1649 733 1673 serae
745 1637 915 1673 avaritia
926 1636 1161 1685 luxuriaque
1175 1636 1501 1686 immigraverint,

182 1710 251 1734 nec
271 1698 338 1734 ubi
363 1701 501 1735 tantus
527 1711 571 1734 ac
596 1701 681 1734 tam
701 1698 767 1734 diu
788 1699 1015 1748 paupertati
1035 1712 1081 1736 ac
1100 1698 1362 1748 parsimoniae
1381 1697 1503 1735 honos

182 1759 325 1797 fuerit:
355 1759 451 1795 adeo
476 1762 626 1807 quanto
655 1772 788 1796 rerum
816 1760 958 1806 minus,
979 1763 1094 1796 tanto
1123 1759 1253 1796 minus
1275 1759 1504 1808 cupiditatis

183 1824 281 1858 erat.
338 1820 478 1869 Nuper
507 1821 668 1857 divitiae
699 1821 910 1858 avaritiam
938 1825 978 1858 et
1006 1821 1254 1859 abundantes
1280 1822 1504 1870 voluptates

183 1881 414 1919 desiderium
434 1895 503 1930 per
522 1882 658 1918 luxum
677 1886 797 1931 atque
815 1882 1015 1919 libidinem
1034 1882 1223 1932 pereundi
1240 1882 1504 1932 perdendique

182 1944 314 1980 omnia
350 1943 544 1979 invexere.
604 1943 678 1980 Sed
714 1943 922 1992 querellae,
960 1956 1010 1981 ne
1046 1949 1129 1981 tum
1170 1944 1326 1993 quidem
1363 1947 1503 1992 gratae

183 2004 357 2050 futurae,
388 2017 476 2041 cum
509 2003 677 2041 forsitan
716 2004 952 2042 necessariae
988 2009 1121 2052 erunt,
1159 2006 1211 2041 ab
1246 2005 1361 2041 initio
1397 2007 1503 2042 certe

184 2069 322 2102 tantae
360 2066 569 2102 ordiendae
605 2066 662 2102 rei
694 2066 850 2103 absint:
895 2079 983 2103 cum
1012 2067 1122 2103 bonis
1150 2066 1281 2115 potius
1308 2065 1503 2103 ominibus

186 2129 361 2177 votisque
390 2132 430 2164 et
455 2128 746 2177 precationibus
773 2129 933 2166 deorum
954 2129 1204 2179 dearumque,
1226 2129 1270 2175 si,
1290 2133 1337 2165 ut
1364 2129 1500 2178 poetis,

187 2190 296 2227 nobis
333 2202 485 2239 quoque
523 2202 605 2227 mos
641 2194 754 2237 esset,
792 2190 980 2228 libentius
1016 2191 1286 2240 inciperemus,
1324 2193 1371 2227 ut
1406 2190 1503 2227 orsis

185 2256 344 2288 tantum
367 2253 491 2301 operis
511 2265 705 2289 successus
724 2265 926 2302 prosperos
944 2252 1097 2289 darent.
