1674 2506
639 171 775 199 anrs.
808 161 869 208 50,
900 160 961 198 51.
1407 158 1455 197 73

137 265 215 302 cih'i
241 279 357 315 quam
385 266 477 315 ipse,
506 266 574 315 qui
606 265 802 311 indixerit,
836 266 1024 302 observet.
1082 264 1192 302 Haec
1225 268 1345 313 atque
1378 264 1457 299 alia
1478 269 1496 306 7

137 327 268 364 eodem
305 327 545 377 pertinentia
582 327 784 363 seditiosus
822 326 1139 374 facinorosusque
1180 324 1294 362 homo
1333 324 1457 373 iisque

137 389 288 426 artibus
306 401 395 438 opes
413 388 515 425 domi
534 391 671 424 nactus
695 401 783 424 cum
810 387 977 424 maxime
1006 387 1223 433 dissereret,
1242 386 1458 423 intervenit

137 449 384 498 Tarquinius.
442 449 484 484 Is
504 448 591 484 finis
618 448 788 484 orationi
816 447 906 484 fuit.
962 448 1104 484 Aversi
1133 460 1266 483 omnes
1294 446 1344 483 ad
1363 447 1457 483 Tar-
1475 444 1497 480 8

136 509 314 558 quinium
333 508 588 546 salutandum
602 522 611 555 ;
640 510 707 557 qui
727 509 881 545 silentio
900 508 1006 545 facto
1024 508 1196 544 monitus
1215 521 1238 544 a
1256 507 1455 556 proximis,

136 574 182 606 ut
215 573 403 619 purgaret
435 582 486 616 se,
516 569 618 618 quod
649 569 688 606 id
721 569 908 618 temporis
950 569 1132 615 venisset,
1155 568 1456 617 disceptatorem

135 631 194 667 ait
220 643 261 668 se
289 634 490 678 sumptum
519 630 624 666 inter
651 632 806 678 patrem
840 633 880 665 et
907 629 1031 665 filium
1061 642 1156 666 cura
1185 627 1457 665 reconciliandi

136 704 198 728 eos
225 691 266 728 in
299 692 470 740 gratiam
502 693 699 727 moratum
733 702 839 737 esse,
879 694 920 727 et
952 690 1045 739 quia
1079 703 1125 726 ea
1159 702 1220 726 res
1251 690 1457 726 exemisset

135 753 247 789 illum
266 751 380 797 diem,
401 756 555 800 postero
581 751 644 788 die
671 755 853 788 acturum
873 764 975 800 quae
993 751 1270 787 constituisset.
1327 750 1390 788 Ne
1417 750 1457 787 id
1475 755 1497 791 9

135 813 289 863 quidem
304 813 355 849 ab
367 813 499 850 Turno
514 813 649 850 tulisse
662 812 829 849 tacitum
849 812 985 849 ferunt
1000 826 1010 859 3
1030 812 1171 848 dixisse
1185 812 1288 848 enim
1304 811 1455 848 nullam

135 875 351 912 breviorem
376 886 457 911 esse
484 875 745 923 cognitionem
778 886 898 922 quam
930 874 1036 910 inter
1062 877 1216 922 patrem
1250 876 1290 910 et
1318 873 1455 918 filium,

135 936 344 986 paucisque
371 936 538 985 transigi
558 936 686 972 verbis
705 948 836 984 posse:
865 935 907 972 ni
926 938 1067 983 pareat
1086 934 1204 983 patri,
1225 934 1454 970 habiturum

133 998 394 1036 infortunium
416 1010 506 1034 esse.

188 1121 256 1157 LI.
297 1121 409 1157 Haec
442 1120 628 1156 Aricinus
659 1121 702 1156 in
738 1132 869 1168 regem
908 1119 1133 1156 Romanum
1165 1118 1372 1168 increpans
1407 1131 1455 1156 ex
1478 1127 1492 1151 1

135 1181 294 1218 concilio
321 1181 432 1218 abiit.
488 1181 615 1224 Quam
644 1194 726 1217 rem
754 1180 994 1229 Tarquinius
1022 1180 1225 1228 aliquanto
1252 1192 1369 1228 quam
1398 1180 1453 1215 vi-

134 1243 302 1280 debatur
320 1242 476 1290 aegrius
505 1242 634 1278 ferens
663 1241 869 1278 confestim
887 1241 1019 1277 Turno
1038 1253 1170 1277 necem
1190 1240 1452 1286 machinatur,

134 1308 180 1341 ut
208 1303 373 1341 eundem
397 1307 600 1348 terrorem,
621 1316 698 1352 quo
725 1302 868 1339 civium
887 1302 1038 1339 animos
1066 1302 1167 1339 domi
1196 1306 1454 1351 oppresserat,

134 1365 289 1401 Latinis
316 1364 488 1401 iniceret.
546 1364 600 1400 Et
627 1363 720 1412 quia
748 1376 818 1412 pro
836 1363 1000 1412 imperio
1020 1363 1153 1412 palam
1180 1363 1348 1400 interfici
1376 1376 1454 1400 non
1476 1374 1495 1397 2

134 1429 302 1475 poterat,
323 1425 455 1462 oblato
482 1425 582 1462 falso
610 1425 771 1461 crimine
799 1424 992 1460 insontem
1021 1425 1223 1473 oppressit.
1282 1424 1358 1461 Per
1386 1424 1451 1460 ad-

134 1499 266 1524 versae
293 1486 476 1523 factionis
503 1485 690 1535 quosdam
710 1486 894 1521 Aricinos
921 1497 1076 1521 servum
1096 1486 1220 1521 Turni
1247 1498 1345 1522 auro
1371 1498 1455 1522 cor-

133 1548 253 1597 rupit,
274 1548 315 1584 in
344 1548 607 1584 deversorium
635 1547 718 1583 eius
745 1547 825 1582 vim
854 1559 1037 1594 magnam
1067 1546 1287 1594 gladiorum
1315 1546 1454 1583 inferri

132 1609 233 1645 clam
252 1609 410 1645 sineret.
458 1608 518 1644 Ea
537 1621 624 1644 cum
646 1620 726 1644 una
746 1611 859 1643 nocte
874 1608 1047 1656 perfecta
1067 1612 1206 1653 essent,
1220 1607 1455 1656 Tarquinius
1473 1620 1494 1655 3

133 1670 249 1719 paulo
268 1674 362 1706 ante
382 1670 507 1706 lucem
527 1670 661 1706 accitis
686 1669 736 1706 ad
761 1682 800 1706 se
825 1669 1068 1718 principibus
1089 1669 1321 1706 Latinorum
1341 1669 1454 1718 quasi

132 1744 176 1768 re
193 1744 295 1768 nova
315 1732 582 1781 perturbatus,
603 1744 752 1768 moram
771 1743 882 1768 suam
910 1731 1146 1776 hesternam,
1167 1731 1275 1767 velut
1294 1730 1453 1766 deorum

133 1792 303 1841 quadam
324 1792 571 1842 providentia
587 1792 766 1837 inlatam,
782 1792 840 1828 ait
859 1791 980 1828 saluti
1000 1792 1072 1828 sibi
1092 1796 1211 1840 atque
1230 1792 1307 1828 illis
1321 1791 1450 1828 fuisse.

132 1853 199 1890 Ab
217 1854 350 1890 Turno
377 1853 452 1890 dici
480 1854 554 1889 sibi
581 1857 621 1889 et
641 1853 877 1902 primoribus
895 1853 1127 1902 populorum
1147 1853 1279 1902 parari
1308 1864 1452 1898 necem,
1471 1866 1494 1900 4

133 1918 179 1951 ut
198 1915 431 1951 Latinorum
457 1914 560 1951 solus
587 1913 794 1963 imperium
815 1916 961 1950 teneat.
1017 1913 1307 1963 Adgressurum
1332 1913 1453 1949 fuisse

134 1975 316 2012 hesterno
352 1975 413 2011 die
449 1974 491 2011 in
527 1975 686 2011 concilio
700 1988 712 2021 3
755 1974 921 2010 dilatam
954 1987 1035 2010 rem
1055 1986 1147 2020 esse,
1180 1974 1283 2023 quod
1315 1977 1453 2010 auctor

133 2036 284 2074 concilii
301 2036 460 2082 afuerit,
481 2048 596 2084 quem
616 2035 786 2072 maxime
806 2039 968 2084 peteret.
1026 2035 1126 2072 Inde
1150 2034 1259 2072 illam
1278 2034 1453 2071 absentis
1473 2043 1492 2081 5

132 2098 429 2135 insectationem
458 2110 538 2134 esse
566 2102 716 2143 natam,
737 2097 840 2146 quod
868 2096 1054 2133 morando
1081 2109 1187 2145 spem
1217 2096 1450 2133 destituerit.

132 2159 224 2196 Non
261 2158 456 2201 dubitare,
494 2158 526 2195 si
558 2171 653 2195 vera
691 2158 933 2203 deferantur,
962 2158 1058 2206 quin
1097 2158 1223 2206 prima
1255 2157 1352 2203 luce,
1385 2155 1452 2192 ubi

132 2224 295 2257 ventum
314 2219 356 2255 in
374 2219 580 2255 concilium
599 2220 662 2265 sit,
675 2220 892 2257 instructus
911 2231 999 2254 cum
1018 2218 1309 2254 coniuratorum
1331 2229 1452 2254 manu

133 2284 387 2329 armatusque
417 2284 608 2316 venturus
640 2280 701 2316 sit.
770 2279 859 2316 Dici
890 2278 1108 2328 gladiorum
1143 2279 1341 2326 ingentem
1372 2289 1452 2314 esse
1471 2273 1494 2308 6
