1674 2506
178 138 227 174 22
760 147 851 173 LIVY
891 148 916 173 1.

113 254 156 278 11
178 240 302 279 fratre
339 240 528 278 Amulius
574 244 726 289 regnat.
802 240 929 277 Addit
966 239 1102 277 sceleri
1141 240 1291 278 scelus:
1337 238 1501 288 stirpem

178 301 317 339 fratris
352 302 506 339 virilem
542 302 757 347 interemit,
796 300 935 338 fratris
972 302 1077 338 filiae
1115 301 1224 338 Reae
1258 299 1401 338 Silviae
1435 313 1502 349 per

178 363 342 412 speciem
379 362 549 409 honoris,
588 376 676 399 cum
714 362 917 400 Vestalem
964 375 1049 400 eam
1096 362 1264 411 legisset,
1312 365 1502 411 perpetua

176 425 408 474 virginitate
442 437 549 474 spem
582 428 719 473 partus
752 424 902 461 adimit.

139 560 153 584 1
229 547 304 585 IV.
337 547 411 585 Sed
449 547 678 594 debebatur,
709 550 757 584 ut
786 547 935 597 opinor,
969 546 1064 584 fatis
1093 550 1233 585 tantae
1260 547 1367 597 origo
1394 545 1502 584 urbis

136 623 156 648 2
177 608 418 657 maximique
437 609 651 646 secundum
671 609 831 646 deorum
860 622 951 658 opes
969 609 1123 658 imperii
1142 609 1390 658 principium.
1446 609 1501 645 Vi

176 683 394 720 compressa
413 670 593 708 Vestalis
620 683 709 708 cum
732 670 933 719 geminum
955 675 1115 720 partum
1142 671 1336 717 edidisset,
1357 683 1426 707 seu
1443 670 1502 707 ita

176 737 276 778 rata,
306 745 374 769 seu
402 732 496 781 quia
525 732 621 769 deus
649 737 786 769 auctor
813 733 950 782 culpae
979 732 1179 769 honestior
1206 736 1306 779 erat,
1326 731 1501 769 Martem

134 793 156 830 3
176 795 347 830 incertae
367 793 501 842 stirpis
519 797 674 842 patrem
694 797 910 842 nuncupat.
969 793 1042 830 Sed
1067 806 1138 830 nec
1161 793 1214 830 dii
1237 806 1308 830 nec
1325 792 1502 830 homines

176 858 246 891 aut
256 855 383 904 ipsam
395 859 468 891 aut
480 855 643 904 stirpem
656 868 680 891 a
695 855 926 892 crudelitate
937 855 1044 904 regia
1058 855 1272 892 vindicant.
1318 854 1503 892 Sacerdos

176 917 308 954 vincta
338 916 380 952 in
410 916 628 953 custodiam
662 916 795 962 datur,
826 929 966 965 pueros
998 917 1040 953 in
1069 916 1329 966 profluentem
1357 928 1501 965 aquam

174 977 283 1014 mitti
299 977 420 1014 iubet.

134 1060 158 1092 4
229 1039 347 1076 Forte
362 1039 534 1088 quadam
552 1039 744 1076 divinitus
763 1052 880 1088 super
892 1040 997 1088 ripas
1016 1038 1167 1076 Tiberis
1185 1039 1330 1076 effusus
1347 1038 1502 1075 lenibus

176 1100 330 1150 stagnis
349 1113 420 1137 nec
438 1101 540 1137 adiri
560 1112 726 1149 usquam
747 1100 797 1137 ad
816 1100 911 1137 iusti
938 1113 1093 1137 cursum
1113 1103 1272 1149 poterat
1298 1099 1438 1146 amnis,
1461 1103 1501 1136 et

177 1174 286 1211 posse
313 1162 492 1211 quamvis
518 1161 709 1211 languida
730 1163 855 1210 mergi
884 1175 990 1210 aqua
1010 1162 1187 1198 infantes
1215 1174 1321 1211 spem
1341 1160 1501 1198 ferenti-

137 1234 155 1271 5
176 1223 249 1261 bus
286 1223 419 1260 dabat.
468 1224 536 1260 Ita
564 1223 675 1260 velut
703 1222 881 1260 defuncti
916 1223 1019 1271 regis
1055 1223 1217 1272 imperio
1243 1223 1285 1259 in
1322 1222 1501 1272 proxima

178 1284 347 1331 adluvie,
364 1285 432 1321 ubi
451 1297 557 1321 nunc
577 1285 672 1321 ficus
688 1283 912 1320 Ruminalis
930 1284 1301 1321 est—Romularem
1320 1287 1500 1320 vocatam

136 1344 157 1378 6
177 1345 509 1395 ferunt—pueros
522 1348 736 1394 exponunt.
772 1345 925 1382 Vastae
936 1349 1023 1381 tum
1036 1345 1078 1381 in
1093 1345 1153 1382 his
1164 1344 1257 1381 locis
1271 1344 1501 1382 solitudines

177 1412 303 1445 erant.
360 1407 485 1444 Tenet
517 1407 639 1454 fama,
674 1418 761 1443 cum
784 1406 1010 1443 fluitantem
1039 1406 1207 1450 alveum,
1233 1418 1311 1454 quo
1335 1405 1501 1455 expositi

177 1473 292 1506 erant
310 1469 432 1518 pueri,
448 1469 582 1506 tenuis
600 1469 641 1505 in
653 1469 751 1505 sicco
766 1481 871 1517 aqua
884 1468 1138 1514 destituisset,
1153 1467 1288 1517 lupam
1301 1468 1500 1504 sitientem

179 1544 227 1568 ex
259 1531 461 1568 montibus
489 1531 558 1579 qui
587 1530 689 1567 circa
719 1533 813 1566 sunt
841 1530 892 1566 ad
920 1529 1109 1580 puerilem
1134 1529 1312 1578 vagitum
1343 1541 1500 1565 cursum

178 1592 351 1639 flexisse,
381 1605 465 1629 eam
485 1591 711 1629 summissas
737 1590 961 1627 infantibus
988 1590 1084 1627 adeo
1111 1590 1247 1626 mitem
1276 1589 1502 1638 praebuisse

178 1667 381 1700 mammas,
402 1657 450 1691 ut
468 1654 607 1703 lingua
619 1653 859 1690 lambentem
879 1664 1019 1702 pueros
1034 1651 1223 1698 magister
1237 1651 1335 1700 regii
1353 1650 1501 1700 pecoris

139 1728 156 1763 7
178 1715 382 1754 invenerit.
433 1714 626 1752 Faustulo
640 1714 761 1751 fuisse
775 1726 918 1751 nomen
938 1713 1085 1750 ferunt.
1132 1713 1200 1749 Ab
1214 1724 1259 1749 eo
1277 1712 1327 1748 ad
1342 1711 1501 1749 stabula

179 1778 390 1814 Larentiae
409 1776 524 1813 uxori
542 1775 764 1813 educandos
783 1775 905 1812 datos.
959 1774 1063 1811 Sunt
1081 1773 1150 1823 qui
1169 1773 1399 1810 Larentiam
1418 1772 1500 1810 vul-

177 1842 271 1888 gato
301 1851 460 1887 corpore
492 1838 629 1886 lupam
658 1836 765 1874 inter
797 1839 975 1886 pastores
1005 1838 1185 1872 vocatam
1212 1837 1381 1884 putent;
1409 1833 1501 1871 inde

177 1901 305 1938 locum
334 1900 496 1937 fabulae
524 1912 569 1936 ac
597 1898 787 1936 miraculo
814 1898 966 1935 datum.

136 1965 158 2001 8
231 1962 299 1999 Ita
318 1961 441 2011 geniti
460 1961 596 2009 itaque
611 1959 778 2006 educati,
797 1971 886 1995 cum
906 1958 1078 2007 primum
1097 1957 1269 1994 adolevit
1287 1960 1409 2002 aetas,
1430 1968 1501 1993 nec

178 2023 221 2059 in
239 2022 405 2059 stabulis
424 2033 495 2058 nec
517 2021 569 2057 ad
596 2033 733 2069 pecora
751 2032 888 2069 segnes
914 2018 1096 2056 venando
1123 2029 1335 2067 peragrare
1361 2017 1497 2054 saltus.

137 2100 158 2136 9
180 2083 287 2120 Hinc
318 2083 455 2119 robore
487 2082 712 2130 corporibus
740 2080 960 2128 animisque
987 2082 1144 2128 sumpto
1170 2079 1250 2115 iam
1284 2090 1363 2114 non
1395 2077 1501 2114 feras

179 2148 340 2182 tantum
359 2144 582 2189 subsistere,
603 2142 670 2179 sed
696 2142 740 2179 in
767 2141 942 2178 latrones
969 2140 1115 2190 praeda
1143 2142 1304 2176 onustos
1330 2139 1501 2187 impetus

178 2206 318 2252 facere,
338 2204 638 2255 pastoribusque
655 2206 772 2252 rapta
791 2202 974 2247 dividere,
994 2205 1036 2238 et
1054 2214 1142 2238 cum
1162 2200 1224 2236 his
1241 2202 1440 2237 crescente
1457 2199 1500 2236 in

177 2267 258 2304 dies
277 2278 392 2316 grege
411 2266 597 2302 iuvenum
617 2264 720 2301 seria
737 2276 783 2300 ac
801 2264 902 2300 iocos
921 2262 1128 2299 celebrare.
