1674 2506
634 167 749 194 mm.
782 156 843 203 10,
876 156 935 192 11.
1396 155 1443 191 29

124 262 248 298 tiones
275 261 544 307 continebant,
572 259 638 297 sed
665 259 1008 310 congregabantur
1035 258 1209 308 undique
1230 258 1283 295 ad
1310 258 1444 295 Titum

121 322 293 368 Tatium,
313 335 443 371 regem
466 322 712 368 Sabinorum,
732 325 773 358 et
792 321 1008 370 legationes
1027 333 1083 367 eo,
1104 320 1207 370 quod
1226 320 1444 357 maximum

122 384 228 421 Tatii
252 396 396 420 nomen
424 383 465 419 in
493 383 542 419 iis
569 383 794 432 regionibus
821 386 920 428 erat,
950 382 1251 419 conveniebant.
1309 380 1446 418 Caeni·
1466 390 1484 413 2

121 458 260 482 nenses
291 444 615 493 Crustuminique
637 447 678 481 et
705 444 973 480 Antemnates
997 447 1126 490 erant,
1154 443 1204 480 ad
1236 456 1332 492 quos
1364 443 1447 480 eius

121 507 289 544 iniuriae
306 518 399 555 pars
418 506 654 555 pertinebat.
713 505 838 542 Lente
858 517 974 554 agere
994 505 1055 541 his
1074 504 1213 542 Tatius
1234 504 1448 554 Sabinique

122 568 194 605 visi
231 572 325 604 sunt
340 581 351 615 3
380 567 453 617 ipsi
490 567 595 604 inter
631 581 671 605 se
709 571 791 604 tres
822 567 956 616 populi
993 567 1255 603 communiter
1300 566 1445 602 bellum

122 632 277 679 parant.
351 628 415 666 Ne
451 628 698 666 Crustumini
724 628 881 678 quidem
919 631 1041 676 atque
1070 628 1339 665 Antemnates
1375 640 1445 677 pro
1465 637 1487 672 3

122 691 262 728 ardore
280 691 416 740 iraque
437 690 742 728 Caeninensium
762 690 855 726 satis
880 703 920 727 se
935 690 1089 739 inpigre
1101 693 1283 727 movent:
1304 689 1361 725 ita
1376 701 1446 738 per

122 765 160 789 se
179 752 307 802 ipsum
340 764 483 789 nomen
511 751 731 788 Caeninum
757 752 799 787 in
827 763 968 799 agrum
999 750 1225 787 Romanum
1254 751 1446 799 impetum

122 813 230 851 facit.
288 813 361 850 Sed
377 814 497 850 effuse
516 813 764 849 vastantibus
776 813 822 849 fit
840 812 980 848 obvius
999 825 1089 848 eum
1102 812 1276 848 exercitu
1298 812 1445 848 Romu-
1465 824 1489 858 4

122 876 195 921 lus,
214 874 368 923 levique
387 875 601 911 certamine
630 875 741 911 docet
769 887 913 910 vanam
942 874 1025 910 sine
1054 874 1203 910 viribus
1231 874 1332 911 iram
1353 886 1445 910 esse.

124 935 351 972 Exercitum
379 935 513 972 fundit
542 935 747 985 fugatque,
777 935 909 971 fusum
940 935 1189 983 persequitur
1205 948 1215 981 3
1245 947 1374 984 regem
1406 935 1448 971 in

123 998 269 1047 proelio
300 997 513 1034 obtruncat
549 1001 591 1034 et
627 997 768 1047 spoliat
782 1010 793 1044 3
822 996 919 1033 duce
950 996 1123 1032 hostium
1156 996 1278 1033 occiso
1309 997 1446 1033 urbem

122 1059 249 1109 primo
268 1058 419 1107 impetu
438 1058 556 1107 capit.

176 1120 276 1157 Inde
294 1119 469 1156 exercitu
498 1119 644 1156 victore
672 1118 833 1156 reducto
861 1119 953 1168 ipse,
974 1131 1063 1155 cum
1083 1118 1200 1155 factis
1220 1118 1282 1154 vir
1302 1117 1448 1167 magni·
1469 1133 1487 1171 5

124 1182 219 1218 ficus
249 1186 336 1218 tum
374 1181 573 1217 factorum
607 1184 837 1217 ostentatur
870 1180 977 1217 haud
1015 1181 1155 1225 minor,
1186 1180 1309 1229 spolia
1339 1180 1448 1216 ducis

125 1243 296 1280 hostium
315 1243 415 1280 caesi
430 1255 617 1291 suspensa
636 1242 831 1278 fabricato
850 1242 899 1278 ad
920 1241 957 1277 id
970 1245 1063 1290 apte
1084 1240 1231 1278 ferculo
1250 1253 1390 1290 gerens
1408 1240 1449 1277 in

127 1304 371 1353 Capitolium
392 1303 576 1349 escendit,
597 1303 728 1352 ibique
755 1316 801 1339 ea
828 1315 917 1339 cum
945 1303 993 1339 ad
1022 1315 1208 1352 quercum
1228 1303 1452 1351 pastoribus

127 1378 280 1402 sacram
303 1365 555 1414 deposuisset,
575 1364 692 1401 simul
711 1376 799 1400 cum
819 1364 917 1400 dono
937 1364 1159 1412 designavit
1178 1363 1325 1412 templo
1345 1363 1451 1400 Iovis

127 1427 227 1472 finis,
247 1438 539 1475 cognomenque
551 1425 702 1461 addidit
721 1425 802 1462 deo.
861 1427 883 1444 “
900 1425 1081 1474 Iuppiter
1102 1424 1255 1461 Feretri
1270 1424 1288 1439 ”
1308 1425 1449 1474 inquit,
1469 1433 1491 1469 6

128 1491 150 1510 ⁴⁴
162 1487 259 1524 haec
277 1488 352 1524 tibi
371 1487 497 1524 victor
517 1487 710 1523 Romulus
728 1499 799 1523 rex
817 1487 926 1535 regia
945 1499 1057 1523 arma
1073 1486 1167 1531 fero,
1182 1485 1452 1535 templumque

128 1549 188 1585 his
206 1548 441 1598 regionibus,
463 1561 561 1597 quas
576 1549 688 1585 modo
707 1548 839 1584 animo
859 1552 1032 1585 metatus
1051 1561 1149 1593 sum,
1171 1549 1303 1585 dedico
1322 1548 1450 1584 sedem

128 1610 267 1659 opimis
285 1610 428 1658 spoliis,
457 1622 559 1659 quae
587 1610 745 1658 regibus
773 1609 1012 1658 ducibusque
1039 1610 1213 1646 hostium
1242 1609 1362 1646 caesis
1389 1621 1452 1645 me

129 1675 331 1708 auctorem
352 1675 557 1720 sequentes
576 1671 723 1719 posteri
743 1670 908 1707 ferent.’'
965 1671 1077 1707 Haec
1098 1669 1236 1719 templi
1254 1674 1314 1706 est
1331 1670 1450 1719 origo,
1472 1691 1488 1727 7

129 1733 232 1782 quod
247 1733 417 1782 primum
437 1733 613 1769 omnium
630 1733 779 1769 Romae
794 1737 993 1769 sacratum
1008 1736 1080 1770 est.
1137 1732 1204 1768 Ita
1224 1731 1361 1768 deinde
1380 1731 1453 1768 diis

131 1795 269 1840 visum,
289 1806 360 1831 nec
378 1794 543 1831 inritam
563 1795 775 1831 conditoris
794 1794 933 1843 templi
948 1806 1080 1831 vocem
1100 1806 1193 1840 esse,
1209 1806 1287 1842 qua
1302 1793 1453 1829 laturos

130 1867 175 1892 eo
206 1854 328 1904 spolia
357 1859 531 1904 posteros
561 1856 821 1905 nuncupavit,
850 1868 920 1892 nec
957 1855 1214 1891 multitudine
1242 1858 1452 1903 conpotum

132 1916 215 1953 eius
233 1916 325 1953 doni
345 1916 501 1965 vulgari
520 1917 687 1953 laudem.
746 1917 848 1952 Bina
878 1920 1011 1965 postea
1030 1916 1137 1952 inter
1155 1919 1217 1952 tot
1235 1929 1371 1961 annOS‚
1392 1919 1452 1952 tot

132 1977 234 2015 bella
270 1977 400 2026 opima
432 1981 550 2026 parta
586 1981 682 2014 sunt
718 1977 867 2027 spolia:
909 1977 1005 2014 adeo
1041 1990 1133 2013 rara
1169 1977 1254 2014 eius
1290 1977 1453 2014 fortuna

133 2039 278 2076 decoris
296 2038 383 2076 fuit.

186 2160 264 2198 XI.
295 2160 401 2197 Dum
422 2173 468 2197 ea
487 2161 541 2197 ibi
560 2161 732 2198 Romani
751 2164 906 2211 gerunt,
929 2161 1236 2198 Antemnatium
1262 2161 1455 2198 exercitus

135 2234 204 2270 per
223 2222 461 2259 occasionem
489 2235 534 2259 ac
561 2223 811 2259 solitudinem
838 2222 1035 2260 hostiliter
1061 2224 1103 2259 in
1131 2223 1228 2260 fines
1256 2223 1456 2259 Romanos

139 2282 401 2320 incursionem
420 2283 527 2320 facit.
585 2283 752 2332 Raptim
780 2287 820 2320 et
846 2283 895 2320 ad
922 2283 992 2320 hos
1017 2284 1199 2320 Romana
1217 2284 1316 2333 legio
1335 2284 1454 2320 ducta

1476 2196 1491 2222 1
