1674 2506
179 103 227 139 42
767 116 859 142 LIVY
887 117 913 142 1.

179 207 302 244 Ducit
337 220 458 256 quam
496 220 685 257 proxume
716 208 766 245 ad
798 207 948 245 hostem
981 211 1120 258 potest.
1191 208 1291 246 Inde
1322 209 1498 258 legatum

178 266 434 315 praemissum
454 268 643 305 nuntiare
661 268 774 305 Tullo
792 268 914 315 iubet,
934 269 1163 318 priusquam
1186 269 1384 316 dimicent,
1404 282 1500 319 opus

179 341 261 365 esse
287 329 500 377 colloquio:
538 330 572 366 si
600 343 730 366 secum
759 342 985 378 congressus
1012 331 1075 376 sit,
1105 330 1203 367 satis
1240 331 1337 367 scire
1375 343 1421 368 ea
1460 343 1501 368 se

179 390 409 437 allaturum,
429 403 532 439 quae
560 391 684 427 nihilo
711 392 842 428 minus
869 391 917 427 ad
945 404 1027 428 rem
1049 391 1273 428 Romanam
1302 404 1423 441 quam
1451 392 1497 429 ad

139 450 161 485 6
178 452 380 489 Albanam
413 453 650 502 pertineant.
708 452 831 489 Haud
857 456 1092 502 aspernatus
1119 453 1267 500 Tullus,
1295 457 1442 500 tamen,
1468 454 1500 490 si

179 526 283 550 vana
303 512 549 559 adferantur,
570 513 612 549 in
630 514 753 550 aciem
774 513 914 550 educit.
958 513 1120 550 Exeunt
1134 518 1271 550 contra
1282 518 1323 551 et
1338 514 1498 551 Albani.

180 575 391 624 Postquam
420 575 562 612 structi
590 575 791 624 utrimque
818 575 990 620 stabant,
1020 588 1110 612 cum
1138 576 1272 625 paucis
1299 589 1499 626 procerum

142 646 159 681 7
179 637 222 674 in
240 636 411 674 medium
431 637 547 674 duces
565 637 790 686 procedunt.
848 637 912 674 Ibi
937 637 1028 674 infit
1047 637 1230 675 Albanus
1248 651 1256 675 ε
1288 640 1311 658 “
1324 637 1500 674 Iniurias

179 703 220 736 et
248 711 326 735 non
354 697 527 735 redditas
554 711 616 735 res
642 711 689 735 ex
719 698 871 735 foedere
900 710 1003 747 quae
1031 699 1224 747 repetitae
1251 699 1342 745 sint,
1363 703 1403 736 et
1430 711 1501 748 ego

179 774 311 810 regem
331 764 510 797 nostrum
531 760 714 797 Cluilium
744 773 902 797 causam
931 760 1090 797 huiusce
1118 773 1200 797 esse
1228 760 1319 797 belli
1347 760 1502 797 audisse

179 822 325 867 videor,
347 834 418 858 nec
445 825 485 858 te
515 821 664 867 dubito,
685 821 809 868 Tulle,
838 821 974 858 eadem
1002 834 1097 870 prae
1126 825 1166 858 te
1195 821 1309 858 ferre.
1368 821 1442 858 Sed
1469 821 1502 858 si

180 897 274 921 vera
300 884 430 933 potius
458 896 579 932 quam
608 884 716 920 dictu
744 884 914 933 speciosa
942 883 1102 920 dicenda
1129 888 1235 930 sunt,
1264 883 1404 932 cupido
1429 882 1502 920 im—

139 947 161 982 8
181 946 278 995 perii
305 945 401 982 duos
430 949 618 994 cognatos
645 945 869 994 vicinosque
898 945 1060 994 populos
1089 945 1139 982 ad
1170 958 1281 982 arma
1308 945 1501 982 stimulat.

180 1007 330 1055 Neque,
359 1010 464 1043 recte
483 1019 535 1043 an
555 1019 773 1055 perperam,
793 1006 1034 1056 interpretor
1046 1019 1056 1053 ;
1084 1005 1207 1043 fuerit
1226 1007 1303 1043 ista
1331 1006 1415 1044 eius
1441 1007 1503 1044 de-

179 1067 370 1114 liberatio,
400 1068 466 1117 qui
494 1068 640 1104 bellum
678 1067 867 1117 suscepit:
913 1080 976 1104 me
1013 1068 1161 1104 Albani
1198 1068 1367 1117 gerendo
1403 1068 1503 1106 bello

181 1130 318 1166 ducem
331 1141 520 1166 creavere.
564 1129 671 1166 Illud
686 1132 738 1175 te,
754 1129 877 1174 Tulle,
891 1129 1086 1166 monitum
1102 1129 1236 1167 velim:
1259 1130 1428 1166 Etrusca
1442 1142 1504 1166 res

181 1195 333 1240 quanta
352 1192 454 1227 circa
472 1203 542 1227 nos
569 1194 687 1239 teque
715 1191 886 1227 maxime
915 1190 978 1236 sit,
1000 1203 1076 1239 quo
1104 1191 1262 1240 propior
1289 1204 1329 1228 es
1357 1191 1502 1237 Tuscis,

181 1252 252 1288 hoc
270 1252 397 1301 magis
416 1252 499 1288 scis.
556 1252 729 1288 Multum
748 1251 806 1288 iHi
826 1255 947 1298 terra,
967 1252 1183 1301 plurimum
1212 1253 1314 1289 mari
1342 1252 1501 1302 pollent.

141 1329 163 1364 9
182 1312 337 1349 Memor
355 1316 447 1358 esto,
469 1313 546 1349 iam
567 1326 655 1350 cum
675 1313 829 1361 signum
848 1325 1005 1362 pugnae
1034 1312 1156 1359 dabis,
1178 1313 1250 1350 has
1278 1313 1376 1351 duas
1403 1314 1505 1351 acies

182 1373 402 1422 spectaculo
439 1371 534 1419 fore,
564 1378 612 1410 ut
640 1372 758 1410 fessos
789 1373 1062 1422 confectosque
1095 1373 1211 1410 simul
1244 1374 1431 1411 victorem
1458 1387 1504 1411 ac

183 1434 329 1471 victum
350 1433 645 1484 adgrediantur.
694 1434 838 1483 Itaque
857 1434 890 1470 si
908 1447 978 1470 nos
997 1434 1035 1471 di
1054 1439 1201 1482 amant,
1222 1435 1405 1484 quoniam
1424 1449 1502 1473 non

183 1496 357 1532 contenti
376 1495 562 1532 libertate
582 1498 691 1532 certa
710 1494 753 1531 in
772 1494 931 1531 dubiam
951 1495 1105 1544 imperii
1123 1496 1351 1545 servitiique
1379 1495 1504 1532 aleam

183 1557 295 1602 imus,
333 1556 511 1592 ineamus
547 1555 723 1605 aliquam
760 1556 879 1602 viam,
917 1569 1008 1605 qua,
1040 1556 1123 1592 utri
1158 1557 1260 1593 utris
1295 1557 1503 1606 imperent,

183 1618 266 1654 sine
293 1630 438 1666 magna
476 1617 596 1663 clade,
635 1617 718 1654 sine
756 1616 882 1653 multo
918 1617 1110 1666 sanguine
1138 1618 1345 1666 utriusque
1372 1618 1504 1667 populi

120 1692 166 1716 10
183 1679 335 1715 decerni
362 1677 518 1727 possit.''
572 1677 693 1714 Haud
721 1677 896 1726 displicet
923 1690 986 1714 res
1012 1678 1136 1725 Tullo,
1156 1691 1396 1728 quamquam
1415 1691 1504 1715 cum

184 1739 310 1776 indole
347 1740 469 1776 animi
504 1743 592 1775 tum
630 1752 696 1788 spe
723 1739 906 1775 victoriae
944 1739 1106 1776 ferocior
1142 1745 1239 1777 erat.
1308 1741 1505 1785 Quaeren-

185 1801 291 1838 tibus
318 1800 516 1850 utrimque
550 1801 651 1837 ratio
684 1801 820 1846 initur,
848 1801 910 1836 cui
939 1804 980 1837 et
1012 1800 1176 1838 fortuna
1207 1801 1292 1851 ipsa
1323 1802 1506 1851 praebuit

184 1862 401 1900 materiam.

150 2002 163 2025 1
238 1986 402 2024 XXIV.
432 1986 551 2023 Forte
573 1985 616 2022 in
636 1985 785 2022 duobus
806 1988 895 2022 tum
914 1986 1148 2023 exercitibus
1166 1990 1282 2023 erant
1303 1987 1504 2036 trigemini

185 2049 332 2085 fratres
360 2061 431 2085 nec
463 2051 596 2084 aetate
628 2060 699 2085 nec
731 2047 880 2083 viribus
911 2047 1095 2097 dispares.
1152 2048 1341 2084 Horatios
1370 2047 1504 2084 Curia-

185 2110 337 2159 tiosque
355 2109 474 2146 fuisse
501 2109 597 2145 satis
624 2112 791 2155 constat,
812 2121 882 2145 nec
911 2109 1034 2145 ferme
1061 2120 1122 2145 res
1144 2109 1310 2157 antiqua
1339 2108 1418 2145 alia
1445 2111 1505 2145 est

186 2170 364 2207 nobilior.
419 2170 568 2206 Tamen
599 2170 641 2206 in
672 2182 715 2206 re
743 2173 828 2205 tam
857 2169 965 2206 clara
992 2169 1196 2205 nominum
1224 2181 1333 2205 error
1357 2173 1505 2214 manet,

187 2231 317 2268 utrius
353 2231 485 2281 populi
524 2231 697 2277 Horatii,
731 2230 860 2267 utrius
890 2229 1059 2266 Curiatii
1092 2230 1252 2266 fuerint.
1310 2230 1505 2266 Auctores
