1674 2506
707 170 823 196 CHAP.
856 159 915 196 14.
1423 159 1470 196 33

155 260 364 298 Romulum
386 261 534 308 ferunt,
554 274 622 299 seu
650 261 698 297 ob
716 260 880 298 infidam
900 261 1123 298 societatem
1147 261 1270 310 regni,
1290 273 1358 298 seu
1377 261 1472 310 quia

150 322 256 359 haud
268 323 415 359 iniuria
429 336 584 360 caesum
597 323 789 360 credebat.
820 322 965 370 Itaque
979 322 1077 359 bello
1090 322 1246 371 quidem
1259 322 1469 360 abstinuit:

149 386 197 420 ut
223 386 359 419 tamen
385 384 642 432 expiarentur
669 383 891 432 legatorum
919 383 1090 419 iniuriae
1116 383 1296 433 regisque
1323 383 1470 430 caedes,

152 443 284 481 foedus
302 445 406 481 inter
425 444 593 481 Romam
612 444 903 493 Laviniumque
922 445 1039 480 urbes
1057 447 1291 481 renovatum
1310 448 1380 482 est.

201 506 255 542 Et
285 519 374 542 cum
408 506 468 542 his
499 506 656 555 quidem
694 507 898 554 insperata
932 517 1011 554 pax
1044 508 1153 542 erat:
1198 505 1306 542 aliud
1344 505 1471 542 multo
1490 517 1513 550 4

149 566 306 616 propius
325 570 443 615 atque
462 567 504 603 in
523 567 616 616 ipsis
635 579 755 616 prope
774 566 897 615 portis
913 565 1058 602 bellum
1073 568 1216 603 ortum.
1260 565 1471 603 Fidenates

148 628 266 664 nimis
297 628 445 664 vicinas
476 641 596 677 prope
629 641 668 665 se
701 627 966 664 convalescere
994 639 1085 676 opes
1112 627 1205 672 rati,
1240 627 1469 676 priusquam

148 692 307 726 tantum
321 689 470 726 roboris
488 694 600 735 esset,
613 694 810 737 quantum
831 688 1014 724 futurum
1030 689 1260 737 apparebat,
1277 692 1470 737 occupant

148 749 292 786 bellum
324 749 461 786 facere.
532 750 750 787 Iuventute
782 754 939 786 armata
970 750 1143 786 immissa
1173 754 1356 786 vastatur
1383 751 1469 799 agri

147 811 249 860 quod
277 811 384 848 inter
412 811 549 848 urbem
577 824 623 848 ac
653 811 819 848 Fidenas
847 816 916 847 est.
974 811 1073 847 Inde
1099 811 1149 847 ad
1177 810 1331 847 laevam
1355 811 1468 857 versi,
1489 825 1509 862 5

146 872 239 922 quia
259 873 400 909 dextra
420 873 568 910 Tiberis
588 873 758 919 arcebat,
778 885 867 908 cum
886 885 1032 921 magna
1057 872 1322 922 trepidatione
1341 886 1469 922 agres-

146 935 246 972 tium
275 934 541 983 populantur;
579 934 854 983 tumultusque
881 946 1022 982 repens
1049 946 1098 970 ex
1124 935 1231 983 agris
1259 934 1302 971 in
1330 935 1467 971 urbem

146 997 293 1033 inlatus
325 1008 395 1045 pro
427 996 568 1032 nuntio
598 995 687 1033 fuit.
758 995 922 1032 Excitus
955 995 1330 1044 Romulus—neque
1363 997 1466 1033 enim
1488 1002 1509 1036 6

145 1057 372 1094 dilationem
410 1057 494 1106 pati
531 1061 615 1093 tarn
649 1056 824 1093 vicinum
864 1056 1009 1093 bellum
1040 1058 1466 1106 poterat—exereitum

145 1119 287 1165 educit,
315 1121 444 1155 castra
471 1131 495 1154 a
524 1118 680 1155 Fidenis
708 1118 814 1154 mille
842 1131 1028 1168 passuum
1056 1117 1171 1154 locat.
1230 1119 1293 1156 Ibi
1320 1119 1466 1156 modico
1487 1135 1505 1172 7

145 1179 336 1229 praesidio
372 1179 508 1216 relicto
539 1191 716 1228 egressus
748 1179 929 1216 omnibus
961 1179 1078 1228 copiis
1110 1183 1264 1228 partem
1293 1180 1465 1217 militum

145 1241 237 1278 locis
280 1241 383 1278 circa
426 1240 546 1277 densa
584 1241 711 1277 obsita
750 1241 926 1289 virgulta
964 1240 1137 1277 obscuris
1174 1242 1374 1279 subsidere
1425 1243 1466 1279 in

144 1302 293 1339 insidiis
328 1302 465 1349 iussit3
511 1315 600 1338 cum
640 1306 755 1351 parte
792 1302 938 1338 maiore
975 1306 1096 1351 atque
1132 1303 1238 1339 omni
1284 1304 1465 1352 equitatu

145 1362 354 1412 profectus,
379 1363 419 1399 id
444 1362 546 1411 quod
571 1363 800 1412 quaerebat,
820 1363 1065 1400 tumultuoso
1087 1368 1127 1400 et
1156 1364 1300 1401 minaci
1325 1378 1466 1414 genere

145 1436 300 1474 pugnae
345 1423 612 1472 adequitando
661 1423 754 1473 ipsis
801 1436 921 1472 prope
957 1425 1082 1472 portis
1118 1425 1271 1462 hostem
1308 1427 1462 1463 excivit.

145 1486 177 1523 F
178 1497 280 1534 ugae
298 1497 463 1533 quoque,
484 1496 586 1533 quae
611 1484 830 1521 simulanda
848 1488 947 1529 erat,
968 1485 1102 1521 eadem
1122 1487 1314 1535 equestris
1332 1500 1465 1536 pugna

142 1558 301 1584 causam
320 1546 452 1582 minus
471 1545 690 1581 mirabilem
710 1545 827 1581 dedit.
876 1545 930 1581 Et
949 1558 1037 1582 cum
1057 1546 1165 1582 velut
1184 1546 1290 1584 inter
1307 1560 1464 1597 pugnae
1483 1562 1504 1596 ὃ

143 1607 339 1656 fugaeque
367 1605 570 1642 consilium
603 1606 828 1655 trepidante
861 1607 1044 1655 equitatu
1076 1607 1191 1656 pedes
1223 1621 1376 1658 quoque
1407 1623 1464 1647 re-

143 1669 266 1704 ferret
295 1666 476 1715 gradum,
515 1666 641 1715 plenis
668 1671 831 1716 repente
860 1667 984 1716 portis
1011 1668 1123 1704 effusi
1150 1668 1281 1706 hostes
1308 1670 1463 1720 inpulsa

143 1729 326 1766 Romana
362 1728 442 1764 acie
478 1728 607 1765 studio
644 1728 819 1765 instandi
856 1729 1119 1778 sequendique
1156 1731 1377 1768 trahuntur
1413 1733 1463 1769 ad

141 1790 267 1827 locum
287 1789 531 1826 insidiarum.
589 1790 689 1826 Inde
707 1790 838 1826 subito
856 1790 983 1827 exorti
1003 1790 1175 1828 Romani
1193 1795 1462 1830 transversam
1482 1819 1504 1854 9

141 1850 338 1888 invadunt
366 1850 536 1887 hostium
564 1851 708 1898 aciem3
747 1850 900 1887 addunt
928 1863 1110 1900 pavorem
1139 1856 1248 1890 mota
1275 1866 1297 1890 e
1324 1855 1463 1892 castris

140 1912 254 1961 signa
273 1924 421 1958 eorum,
441 1911 509 1961 qui
528 1912 569 1948 in
589 1912 781 1961 praesidio
800 1912 928 1949 relicti
953 1912 1116 1950 fuerant
1133 1928 1140 1951 ε
1171 1914 1228 1951 ita
1254 1916 1461 1965 multiplici

141 1977 290 2010 terrore
310 1973 475 2020 perculsi
491 1972 700 2010 Fidenates
714 1976 822 2022 prius
838 1986 958 2022 paene
971 1987 1089 2023 quam
1106 1975 1300 2013 Romulus
1318 1978 1461 2027 quique

140 2047 230 2072 cum
266 2045 310 2070 eo
346 2034 498 2082 equites
535 2038 650 2070 erant
687 2035 998 2084 circumagerent
1031 2035 1154 2072 frenis
1186 2049 1316 2086 equos,
1347 2042 1458 2088 terga

140 2098 305 2132 vertunt
324 2094 527 2143 multoque
547 2095 716 2141 effusius,
737 2095 881 2145 quippe
900 2109 993 2132 vera
1012 2096 1120 2145 fuga,
1141 2098 1209 2146 qui
1227 2098 1461 2137 simulantes
1486 2124 1528 2148 10

140 2157 259 2206 paulo
277 2160 373 2193 ante
391 2157 514 2193 secuti
543 2160 670 2203 erant,
691 2157 874 2206 oppidum
902 2158 1147 2206 repetebant.
1202 2159 1297 2196 Non
1325 2164 1460 2198 tamen
1483 2189 1524 2213 Π

140 2218 318 2267 eripuere
345 2229 385 2254 se
413 2217 540 2254 hosti:
582 2218 749 2254 haerens
780 2218 820 2255 in
853 2222 966 2267 tergo
996 2219 1202 2256 Romanus
1229 2221 1459 2271 priusquam

145 2278 248 2316 fores
265 2281 471 2327 portarum
491 2278 738 2315 obicerentur
757 2279 866 2316 velut
884 2280 1039 2328 agmine
1059 2292 1137 2316 uno
1156 2281 1361 2330 inrumpit.

238 2354 268 2381 ι.
1279 2343 1302 2377 3
