1674 2506
634 163 770 188 anPs.
802 153 862 197 25,
895 150 954 187 26.
1403 151 1450 186 45

131 256 240 293 Tunc
259 255 438 301 clamore,
459 254 587 304 qualis
608 267 656 291 ex
680 255 882 304 insperato
909 253 1131 290 faventium
1152 253 1261 299 solet,
1282 253 1453 290 Romani

131 317 320 354 adiuvant
356 316 521 353 militem
558 329 685 362 suum,
715 319 756 352 et
792 315 858 352 ille
896 314 1058 364 defungi
1094 315 1240 364 proelio
1276 314 1450 351 festinat.

132 378 246 415 Prius
273 378 407 426 itaque
433 389 554 426 quam
583 377 697 423 alter,
726 376 794 425 qui
823 389 893 413 nec
926 376 1060 425 procul
1089 376 1240 422 aberat,
1271 375 1453 424 consequi
1477 383 1520 407 10

132 443 270 489 posset,
307 443 348 476 et
384 439 555 475 alterum
593 438 816 475 Curiatium
853 437 1018 474 conficit.
1079 437 1245 486 Iamque
1283 441 1452 485 aequato
1474 449 1517 473 11

131 500 266 538 Marte
297 499 442 549 singuli
470 503 714 549 supererant,
744 499 809 536 sed
841 511 912 536 nec
944 511 1010 547 spe
1043 511 1114 536 nec
1145 498 1295 535 viribus
1326 510 1450 547 pares,

129 562 314 599 Alterum
333 561 528 598 intactum
548 560 652 598 ferro
671 573 810 610 corpus
824 564 865 597 et
883 560 1084 609 geminata
1099 560 1265 597 victoria
1284 559 1451 597 ferocem

130 623 173 660 in
204 627 404 660 certamen
437 622 602 658 tertium
632 621 767 667 dabat,
799 621 902 658 alter
932 621 1077 657 fessum
1105 621 1279 667 vulnere,
1307 620 1451 657 fessum

130 696 245 721 cursu
281 683 446 720 trahens
482 695 632 732 corpus,
674 683 878 731 victusque
913 682 1085 719 fratrum
1119 686 1213 718 ante
1250 696 1290 719 se
1320 686 1452 732 strage

130 747 269 783 victori
287 746 455 783 obicitur
483 745 596 782 hosti.
655 746 738 781 Nec
763 745 861 781 illud
887 745 1078 794 proelium
1103 745 1192 782 fuit.
1250 745 1453 782 Romanus
1475 759 1518 783 12

130 808 315 845 exultans
343 810 366 826 “
382 807 478 843 duos
493 807 511 822 ''
539 806 672 855 inquit
702 806 906 843 “fratrum
940 806 1128 843 Manibus
1159 806 1258 852 dedi,
1287 807 1448 844 tertium

129 881 267 906 causae
294 868 386 904 belli
419 867 589 912 huiusce,
619 871 665 903 ut
695 867 897 904 Romanus
926 867 1083 903 Albano
1111 867 1288 916 imperet,
1318 866 1451 904 dabo.’'

130 930 239 967 Male
258 929 469 967 sustinenti
488 941 599 965 arma
618 929 792 978 gladium
813 941 981 978 superne
1000 928 1135 977 iugulo
1154 929 1300 978 defigit,
1322 928 1447 965 iacen-

129 995 208 1028 tem
221 991 373 1040 spoliat.
422 990 592 1026 Romani
611 993 773 1026 ovantes
789 1002 834 1026 ac
852 990 1104 1038 gratulantes
1125 990 1340 1026 Horatium
1356 991 1451 1026 acci-
1475 1006 1517 1040 13

129 1054 246 1102 piunt
273 1064 317 1089 eo
345 1052 490 1088 maiore
518 1064 606 1088 cum
635 1051 787 1100 gaudio,
809 1064 886 1100 quo
915 1063 1035 1100 prope
1055 1054 1205 1087 metum
1226 1064 1287 1088 res
1305 1050 1448 1088 fuerat.

129 1115 192 1152 Ad
212 1114 455 1163 sepulturam
477 1113 568 1149 inde
582 1126 740 1149 suorum
762 1125 1011 1162 nequaquam
1031 1112 1192 1161 paribus
1207 1113 1349 1149 animis
1368 1126 1451 1150 ver-

131 1179 282 1222 tuntur,
312 1174 454 1224 quippe
482 1174 645 1222 imperio
673 1174 791 1210 alteri
819 1174 940 1220 aucti,
970 1173 1087 1210 alteri
1117 1174 1281 1210 dicionis
1299 1174 1451 1210 alienae

128 1237 234 1274 facti.
275 1236 461 1285 Sepulcra
480 1239 622 1272 extant
641 1247 718 1284 quo
738 1236 903 1284 quisque
919 1236 1000 1272 loco
1013 1236 1161 1282 cecidit,
1179 1235 1255 1272 duo
1270 1235 1452 1272 Romana
1475 1253 1516 1286 14

128 1311 208 1335 uno
234 1298 316 1334 loco
343 1297 504 1346 propius
530 1297 692 1343 Albam,
712 1297 793 1333 tria
823 1297 985 1333 Albana
1014 1296 1180 1333 Romam
1209 1309 1356 1343 versus,
1385 1296 1450 1333 sed

129 1359 321 1396 distantia
340 1358 444 1403 locis,
466 1362 511 1394 ut
531 1361 573 1394 et
591 1361 812 1407 pugnatum
836 1361 906 1395 est.

181 1482 343 1519 XXVI.
373 1481 610 1530 Priusquam
642 1482 732 1518 inde
765 1482 1075 1531 digrederentur,
1103 1484 1261 1531 roganti
1292 1482 1448 1529 Mettio,
1473 1500 1485 1522 1

127 1556 176 1580 ex
194 1543 346 1580 foedere
373 1542 450 1579 icto
477 1542 570 1591 quid
598 1543 823 1592 imperaret,
852 1543 1023 1592 imperat
1050 1544 1198 1590 Tullus,
1227 1544 1288 1580 uti
1315 1546 1450 1581 iuven·

127 1608 255 1641 tutem
284 1603 324 1640 in
353 1604 474 1639 armis
501 1603 659 1650 habeat,
679 1617 844 1640 usurum
872 1616 912 1641 se
930 1617 1064 1641 eorum
1093 1617 1223 1653 opera,
1243 1605 1276 1641 si
1303 1605 1448 1642 bellum

127 1679 215 1702 cum
234 1665 471 1702 Veientibus
490 1665 603 1702 foret.
660 1665 727 1702 Ita
745 1665 940 1702 exercitus
959 1666 1052 1702 inde
1071 1666 1202 1702 domos
1220 1666 1393 1703 abducti.

181 1726 368 1775 Princeps
396 1726 593 1763 Horatius
620 1726 704 1762 ibat
731 1726 943 1775 trigemina
963 1727 1085 1775 spolia
1109 1739 1204 1776 prae
1231 1739 1271 1764 se
1299 1740 1447 1776 gerens.
1469 1745 1488 1769 2

129 1788 201 1826 Cui
232 1800 340 1824 soror
375 1788 498 1836 virgo,
527 1800 629 1837 quae
662 1788 851 1837 desponsa
889 1789 959 1825 uni
996 1801 1044 1825 ex
1080 1788 1268 1826 Curiatiis
1305 1788 1447 1836 fuerat,

127 1849 242 1886 obvia
261 1851 356 1885 ante
374 1852 530 1897 portam
551 1849 748 1898 Capenam
772 1848 851 1885 fuit
862 1862 872 1896 ;
902 1849 1134 1899 cognitoque
1161 1861 1278 1898 super
1296 1862 1450 1887 umeros

127 1908 265 1946 fratris
301 1909 580 1958 paludamento
617 1910 759 1959 sponsi,
798 1910 900 1959 quod
938 1910 1023 1959 ipsa
1060 1910 1295 1956 confecerat,
1333 1910 1449 1947 solvit

128 1971 254 2007 crines
289 1974 331 2008 et
375 1971 557 2008 flebiliter
602 1971 759 2008 nomine
795 1984 979 2020 sponsum
1017 1976 1218 2008 mortuum
1263 1972 1446 2021 appellat.

129 2032 265 2069 Movet
293 2032 411 2070 feroci
438 2033 571 2069 iuveni
599 2033 776 2069 animum
795 2033 1036 2081 conploratio
1055 2033 1196 2070 sororis
1223 2033 1265 2069 in
1286 2033 1448 2070 victoria
1466 2051 1486 2085 3

127 2107 199 2131 sua
226 2097 418 2143 tantoque
444 2093 589 2143 gaudio
616 2093 780 2142 publico.
839 2094 985 2131 Stricto
1012 2095 1149 2142 itaque
1176 2094 1305 2143 gladio
1332 2094 1447 2130 simul

128 2154 256 2192 verbis
291 2154 498 2204 increpans
527 2154 729 2203 transfigit
757 2153 940 2203 puellam.
999 2155 1114 2190 “Abi
1145 2154 1237 2191 hinc
1265 2167 1353 2190 cum
1391 2154 1446 2190 in·
1464 2169 1488 2202 4

127 2219 285 2252 maturo
330 2227 464 2252 amore
508 2214 559 2251 ad
603 2226 788 2264 sponsum
809 2213 828 2229 '²
872 2215 1015 2263 inquit,
1061 2217 1084 2235 “
1104 2215 1227 2251 oblita
1272 2215 1445 2250 fratrum

127 2281 371 2314 mortuorum
408 2276 576 2326 vivique,
611 2276 731 2312 oblita
759 2278 925 2325 patriae.
982 2276 1044 2312 Sic
1075 2280 1142 2312 eat
1178 2288 1446 2324 quaecumque
