1674 2506
655 150 791 177 anPs.
824 140 885 185 20,
917 139 977 176 21.
1424 139 1472 176 39

151 255 272 292 quam
290 243 372 293 ipse
390 243 562 293 plurima
589 255 700 280 sacra
728 241 875 288 obibat,
895 254 941 278 ea
969 241 1137 278 maxime
1164 254 1265 290 quae
1293 254 1398 278 nunc
1426 240 1475 277 ad

153 304 308 341 Dialem
329 305 528 342 flaminem
548 304 761 353 pertinent.
821 302 895 339 Sed
915 303 1008 351 quia
1036 302 1079 338 in
1106 303 1267 339 civitate
1295 302 1476 339 bellicosa
1496 311 1514 335 2

152 365 284 416 plures
320 366 480 404 Romuli
516 379 635 415 quam
673 365 832 401 Numae
866 364 1011 401 similes
1043 377 1153 414 reges
1181 364 1353 413 putabat
1382 365 1475 411 fore,

151 427 353 477 iturosque
371 428 473 477 ipsos
491 427 542 464 ad
560 427 674 472 bella,
695 439 745 463 ne
773 439 884 463 sacra
912 427 1043 475 regiae
1070 426 1164 463 vicis
1192 426 1475 472 desererentur,

153 488 351 526 flaminem
371 490 457 526 Iovi
475 489 683 526 adsiduum
702 487 942 524 sacerdotem
962 489 1123 533 creavit,
1143 487 1368 537 insignique
1387 500 1477 524 eum

153 554 260 587 veste
281 553 323 587 et
349 550 477 587 curuli
504 550 612 599 regia
639 549 736 586 sella
764 549 984 585 adornavit.
1043 548 1150 585 Huic
1179 548 1274 585 duos
1302 548 1479 585 flamines

153 611 306 657 adiecit,
335 611 463 648 Marti
490 624 627 657 unum,
656 610 825 647 alterum
846 609 1034 656 Quirin03
1061 609 1311 659 virginesque
1329 610 1479 647 Vestae
1497 621 1518 656 3

153 673 261 722 legit,
280 673 388 710 Alba
407 673 617 710 oriundum
637 671 899 709 sacerdotium
927 675 968 708 et
995 672 1106 720 genti
1133 671 1346 708 conditoris
1372 671 1478 708 haud

154 734 336 771 alienum.
376 734 445 781 Iis,
458 739 504 771 ut
516 733 702 771 adsiduae
714 733 852 782 templi
867 733 1067 769 antistites
1081 736 1222 779 essent,
1238 732 1478 781 stipendium

155 796 202 833 de
221 796 372 846 publico
385 797 541 843 statuit,
557 796 788 845 virginitate
804 795 968 844 aliisque
981 794 1227 832 caerimoniis
1238 794 1481 832 venerabiles

155 871 201 895 ac
219 862 375 895 sanctas
392 858 497 896 fecit.
555 858 679 895 Salios
697 858 792 894 item
813 857 1016 894 duodecim
1038 857 1165 893 Marti
1178 856 1352 893 Gradivo
1371 856 1478 905 legit,
1498 869 1521 902 4

155 919 390 968 tunicaeque
416 920 543 968 pictae
569 919 721 967 insigne
749 918 855 955 dedit
888 921 928 954 et
957 930 1075 967 super
1109 918 1283 954 tunicam
1313 930 1479 954 aeneum

157 981 304 1030 pectori
322 984 521 1029 tegumen,
536 981 793 1029 caelestiaque
807 992 929 1026 arma,
945 991 1048 1029 quae
1061 980 1202 1016 ancilia
1214 980 1480 1029 appellantur,

157 1042 261 1079 ferre
289 1055 335 1079 ac
370 1055 440 1091 per
476 1042 613 1078 urbem
646 1042 702 1078 ire
733 1045 920 1078 canentes
956 1040 1134 1078 carmina
1171 1053 1260 1078 cum
1298 1040 1482 1090 tripudiis

158 1102 414 1152 sollemnique
432 1103 582 1140 saltatu
602 1103 725 1139 iussit.

212 1163 443 1201 Pontificem
480 1164 619 1201 deinde
656 1163 833 1200 Numam
873 1163 1069 1200 Marcium
1109 1163 1239 1200 Marci
1275 1163 1401 1200 filium
1433 1176 1483 1200 ex
1503 1178 1522 1216 5

159 1225 340 1275 patribus
376 1225 483 1274 legit,
521 1225 633 1274 eique
665 1237 777 1261 sacra
805 1225 936 1261 omnia
963 1224 1161 1273 exscripta
1198 1224 1482 1274 exsignataque

159 1286 365 1331 adtribuit,
403 1286 546 1335 quibus
583 1286 732 1332 hostiis,
761 1286 903 1335 quibus
939 1285 1085 1332 diebus,
1114 1285 1163 1322 ad
1200 1298 1299 1335 quae
1336 1286 1483 1335 templa

160 1360 272 1384 sacra
290 1347 442 1393 fierent,
459 1351 579 1396 atque
598 1347 703 1383 unde
722 1347 764 1383 in
784 1360 846 1383 eos
865 1352 1046 1395 sumptus
1061 1347 1225 1396 pecunia
1240 1350 1481 1396 erogaretur.

162 1409 303 1446 Cetera
334 1421 489 1457 quoque
519 1408 652 1444 omnia
686 1408 842 1457 publica
873 1407 1107 1457 privataque
1142 1420 1253 1444 sacra
1290 1408 1484 1457 pontificis
1504 1416 1526 1452 6

161 1470 268 1507 scitis
295 1470 470 1515 subiecit,
500 1474 547 1506 ut
579 1473 690 1515 esset,
720 1482 797 1518 quo
826 1469 1049 1506 consultum
1080 1469 1210 1518 plebes
1242 1469 1406 1515 veniret,
1435 1481 1485 1505 ne

162 1531 255 1581 quid
286 1531 410 1568 divini
447 1531 545 1568 iuris
583 1531 821 1580 neglegendo
858 1531 1008 1580 patrios
1045 1531 1148 1568 ritus
1184 1531 1486 1580 peregrinosque

163 1593 408 1630 adsciscendo
426 1593 659 1629 turbaretur
672 1606 683 1639 3
712 1605 782 1628 nec
802 1592 988 1629 caelestes
1007 1592 1119 1629 modo
1138 1592 1392 1629 caerimonias
1420 1592 1486 1628 sed
1508 1613 1526 1649 7

163 1655 269 1691 iusta
289 1666 443 1702 quoque
462 1653 644 1690 funebria
663 1653 951 1702 placandosque
970 1665 1103 1690 manes
1122 1657 1168 1690 ut
1186 1653 1289 1690 idem
1309 1653 1487 1702 pontifex

164 1715 352 1760 edoceret,
372 1727 550 1763 quaeque
570 1714 746 1763 prodigia
764 1713 998 1751 fulminibus
1016 1714 1141 1751 aliove
1160 1727 1236 1763 quo
1255 1714 1341 1751 visu
1370 1715 1488 1751 missa

165 1777 456 1826 susciperentur
473 1780 594 1825 atque
606 1779 852 1813 curarentur.
898 1775 962 1812 Ad
974 1788 1019 1812 ea
1031 1775 1220 1812 elicienda
1231 1788 1279 1812 ex
1290 1776 1488 1812 mentibus

166 1837 309 1875 divinis
328 1838 414 1874 Iovi
435 1837 558 1874 Elicio
577 1850 687 1874 aram
707 1837 749 1873 in
767 1837 970 1873 Aventino
999 1836 1156 1884 dicavit,
1177 1837 1371 1886 deumque
1399 1850 1488 1874 con-

167 1898 292 1936 suluit
311 1898 499 1948 auguriis,
518 1911 618 1947 quae
636 1897 879 1947 suscipienda
896 1901 1035 1935 essent.

220 2020 343 2058 XXI.
372 2020 437 2057 Ad
471 2020 566 2058 haec
595 2020 856 2058 consultanda
885 2020 1209 2070 procurandaque
1235 2021 1491 2059 multitudine
1513 2040 1527 2064 1

168 2083 276 2119 omni
311 2095 336 2119 a
372 2083 411 2119 vi
447 2086 488 2120 et
526 2083 647 2120 armis
683 2095 870 2120 conversa
908 2086 949 2119 et
984 2083 1106 2119 animi
1151 2083 1300 2132 aliquid
1341 2084 1492 2132 agendo

169 2143 350 2193 occupati
369 2148 498 2190 erant,
519 2148 560 2181 et
581 2144 739 2181 deorum
761 2143 924 2180 adsidua
942 2144 1112 2181 insidens
1131 2157 1237 2191 cura,
1257 2156 1346 2181 cum
1373 2145 1492 2181 inter·

168 2217 249 2242 esse
285 2205 402 2242 rebus
439 2204 624 2241 humanis
659 2205 824 2242 caeleste
855 2216 1003 2242 numen
1035 2204 1245 2252 videretur,
1271 2217 1317 2241 ea
1346 2206 1492 2254 pietate

173 2265 349 2302 omnium
369 2270 529 2315 pectora
547 2266 756 2313 imbuerat,
768 2270 815 2302 ut
833 2266 929 2302 fides
946 2279 991 2303 ac
1009 2266 1070 2303 ius
1088 2266 1299 2302 iurandum
1318 2267 1494 2315 proximo
