1674 2506
661 157 797 182 anps.
829 145 889 191 36,
921 145 980 182 37.
1430 145 1479 181 59

162 251 208 286 ut
226 248 375 295 ferunt,
397 249 520 299 “Age
540 249 668 296 dum,’'
690 249 830 298 inquit,
854 249 1019 285 “divine
1038 252 1094 294 tu,
1114 249 1325 297 inaugura,
1345 248 1480 284 fierine

162 311 293 360 possit,
323 312 426 360 quod
451 324 556 348 nunc
575 323 644 359 ego
666 315 796 347 mente
824 310 1030 359 concipio.''
1085 310 1184 347 Cum
1212 310 1278 346 ille
1300 310 1341 346 in
1361 322 1479 357 augu-

161 373 219 408 rio
254 384 336 408 rem
369 376 555 422 expertus
586 371 759 420 profecto
791 371 971 408 futuram
1000 372 1171 417 dixisset,
1202 372 1371 419 “Atqui
1409 371 1479 406 hoc

160 433 292 470 animo
324 433 509 482 agitavi,”
536 433 678 481 inquit,
715 436 792 469 “te
822 433 1013 469 novacula
1045 437 1170 469 cotem
1203 432 1477 468 discissarum:

160 506 254 542 cape
272 494 366 530 haec
384 498 425 530 et
443 506 596 543 perage,
617 494 718 543 quod
737 506 827 530 aves
845 497 941 530 tuae
961 494 1046 530 fieri
1074 506 1183 543 posse
1202 492 1479 543 portendunt.''

159 554 258 591 Tum
278 554 389 591 illum
409 555 515 592 haud
534 559 769 592 cunctanter
788 555 980 592 discidisse
997 560 1122 592 cotem
1139 556 1284 591 ferunt.
1335 556 1479 592 Statua
1500 564 1517 599 5

158 616 252 652 Atti
279 615 408 664 capite
436 617 578 662 velato,
599 629 675 666 quo
704 617 745 652 in
773 617 854 653 loco
881 630 943 653 res
970 621 1058 654 acta.
1086 621 1155 662 est,
1180 617 1222 652 in
1250 617 1416 662 comitio,
1436 617 1478 652 in

159 677 345 726 gradibus
372 678 464 727 ipsis
483 678 534 714 ad
562 678 716 715 laevam
739 680 871 715 curiae
900 677 989 725 fuit,
1010 683 1134 715 cotem
1164 691 1317 727 quoque
1345 678 1478 714 eodem

159 739 239 778 loco
266 739 384 776 sitam
411 739 531 776 fuisse
558 744 790 786 memorant,
821 743 867 776 ut
895 743 994 776 esset
1022 739 1070 776 ad
1098 743 1272 789 posteros
1300 739 1479 775 miraculi

159 800 241 837 eius
259 804 570 837 monumentum.
626 801 818 850 Auguriis
845 806 949 838 certe
976 801 1265 849 sacerdotioque
1283 812 1478 849 augurum
1498 800 1518 835 6

159 864 297 897 tantus
334 861 455 898 honos
490 861 658 908 accessit,
688 865 735 898 ut
770 862 869 898 nihil
901 862 992 898 belli
1024 862 1205 911 domique
1238 865 1372 911 postea
1405 861 1478 898 nisi

159 923 360 972 auspicato
379 926 593 971 gereretur,
614 923 776 959 concilia
795 923 938 972 populi,
955 923 1149 960 exercitus
1168 923 1308 968 vocati,
1325 935 1478 959 summa

159 996 303 1028 rerum,
323 983 391 1019 ubi
410 996 500 1020 aves
519 996 598 1020 non
618 984 874 1030 admisissent,
891 984 1180 1021 dirimerentur.
1233 984 1372 1033 Neque
1391 988 1476 1020 tum
1499 995 1516 1031 7

158 1044 394 1093 Tarquinius
413 1044 459 1081 de
477 1045 655 1093 equitum
675 1045 862 1081 centuriis
881 1046 1090 1095 quicquam
1110 1046 1294 1092 mutavit,
1315 1058 1477 1082 numero

158 1105 328 1142 alterum
357 1109 518 1142 tantum
552 1106 704 1152 adiecit,
738 1110 783 1143 ut
811 1107 918 1143 mille
945 1110 985 1143 et
1013 1107 1230 1155 octingenti
1258 1107 1409 1155 equites
1436 1107 1477 1142 in

159 1166 285 1203 tribus
304 1166 491 1203 centuriis
511 1171 649 1204 essent.
706 1167 943 1204 Posteriores
968 1168 1080 1204 modo
1107 1168 1179 1204 sub
1207 1168 1328 1204 isdem
1357 1167 1476 1204 nomi-

157 1228 272 1265 nibus
291 1228 357 1277 qui
376 1229 500 1265 additi
520 1233 636 1265 erant
655 1230 843 1278 appellati
863 1233 969 1275 sunt,
990 1241 1089 1278 quas
1107 1242 1225 1275 nunc,
1246 1230 1338 1278 quia
1357 1229 1475 1278 gemi-

156 1293 275 1326 natae
303 1294 408 1337 sunt,
439 1303 505 1327 sex
531 1295 672 1327 vocant
700 1291 906 1328 centurias.

208 1413 437 1451 XXXVII.
469 1414 558 1450 Hac
590 1417 702 1463 parte
734 1413 933 1462 copiarum
967 1417 1084 1450 aucta
1114 1414 1261 1450 iterum
1288 1426 1377 1450 cum
1412 1413 1476 1450 Sa—
1498 1423 1510 1446 1

156 1474 258 1511 binis
279 1474 514 1524 confligitur.
573 1474 647 1511 Sed
680 1478 956 1523 praeterquam
985 1473 1086 1522 quod
1119 1474 1268 1510 viribus
1299 1477 1476 1511 creverat

156 1535 358 1573 Romanus
385 1536 591 1582 exercitus,
618 1549 664 1573 ex
691 1536 841 1572 occulto
869 1536 987 1572 etiam
1018 1535 1179 1571 additur
1206 1535 1327 1581 dolus,
1351 1536 1476 1572 missis

155 1597 224 1646 qui
252 1609 438 1646 magnam
468 1598 547 1633 vim
581 1596 777 1645 lignorum
809 1596 851 1632 in
883 1596 1052 1633 Anienis
1080 1597 1166 1645 ripa
1195 1597 1387 1633 iacentem
1415 1609 1475 1633 ar-

155 1658 313 1695 dentem
349 1658 391 1694 in
428 1658 574 1695 flumen
612 1660 834 1694 conicerent
849 1671 860 1705 3
894 1662 1089 1706 ventoque
1120 1658 1283 1694 iuvante
1314 1670 1475 1694 accensa

154 1719 276 1769 ligna,
305 1723 345 1756 et
377 1719 563 1768 pleraque
595 1720 636 1756 in
669 1719 823 1755 ratibus
852 1718 1011 1768 inpacta
1040 1719 1195 1755 sublicis
1224 1732 1312 1756 cum
1343 1719 1475 1756 haere-

154 1785 244 1817 rent
263 1784 422 1830 pontem
451 1780 678 1817 incendunt.
736 1780 795 1816 Ea
819 1792 972 1829 quoque
991 1793 1053 1817 res
1071 1781 1113 1816 in
1132 1793 1265 1829 pugna
1285 1785 1474 1818 terrorem
1494 1794 1513 1817 2

153 1841 293 1879 attulit
322 1841 487 1888 Sabinis,
509 1841 639 1878 effusis
658 1841 792 1878 eadem
822 1842 958 1890 fugam
981 1841 1142 1890 inpedit,
1163 1842 1356 1891 multique
1377 1856 1475 1879 mor-

155 1902 263 1948 tales,
302 1915 392 1939 cum
437 1903 567 1939 hostes
610 1902 849 1951 effugissent,
891 1903 933 1939 in
975 1903 1135 1939 flumine
1176 1904 1258 1952 ipso
1300 1904 1449 1952 periere
1465 1918 1475 1948 ;

154 1976 321 2013 quorum
344 1963 546 2000 fluitantia
574 1976 685 2000 arma
714 1963 763 1999 ad
791 1963 928 2000 urbem
958 1964 1114 2013 cognita
1141 1963 1182 1999 in
1209 1964 1339 2000 Tiberi
1367 1964 1475 2013 prius

153 2037 288 2074 paene,
323 2037 439 2073 quam
477 2024 657 2061 nuntiari
695 2029 832 2074 posset,
867 2024 1060 2073 insignem
1094 2025 1299 2061 victoriam
1338 2024 1473 2062 fecere.

154 2085 212 2122 Eo
240 2085 384 2134 proelio
421 2085 630 2134 praecipua
667 2085 844 2134 equitum
883 2085 1009 2134 gloria
1045 2084 1148 2123 fuit:
1188 2086 1387 2134 utrimque
1423 2086 1474 2122 ab
1493 2093 1513 2128 3

153 2146 334 2183 cornibus
353 2147 508 2195 positos,
529 2159 618 2183 cum
638 2146 714 2182 iam
735 2145 947 2195 pelleretur
971 2146 1098 2182 media
1118 2146 1294 2194 peditum
1314 2159 1473 2182 suorum

152 2207 264 2254 acies,
292 2207 350 2243 ita
381 2207 590 2244 incurrisse
621 2207 673 2243 ab
701 2207 892 2244 lateribus
920 2207 1067 2253 ferunt,
1100 2212 1145 2243 ut
1178 2220 1258 2243 non
1290 2207 1473 2244 sisterent

154 2268 264 2306 modo
298 2269 463 2306 Sabinas
496 2270 664 2318 legiones
698 2268 879 2305 ferociter
910 2269 1104 2305 instantes
1136 2269 1373 2314 cedentibus,
1407 2269 1472 2305 sed
