1674 2506
696 173 812 201 anr.
844 162 876 199 1.
1399 160 1445 197 19

175 268 210 305 Ι.
239 267 327 305 Iam
365 269 538 318 primum
570 267 747 304 omnium
779 266 876 304 satis
907 268 1065 304 constat
1103 265 1218 302 Troia
1255 268 1370 314 capta
1405 264 1446 301 in
1469 277 1484 301 1

123 332 270 367 ceteros
283 329 475 367 saevitum
491 341 572 366 esse
583 328 771 365 Troianos
779 342 789 375 3
810 328 972 374 duobus
985 327 1146 364 Aeneae
1158 326 1445 377 Antenorique,

122 394 162 427 et
186 391 334 428 vetusti
350 391 437 427 iure
456 389 614 438 hospitii
634 393 674 425 et
694 389 789 438 quia
808 381 914 438 pabis
941 388 1238 436 reddendaeque
1268 388 1446 425 Helenae

122 464 273 501 semper
291 455 470 488 auctores
487 450 664 497 fuerunt,
685 463 800 486 omne
815 451 876 486 ius
894 449 986 486 belli
1005 449 1178 486 Achivos
1198 449 1441 488 abstinuisse.

123 513 286 550 Casibus
304 512 442 548 deinde
461 512 582 548 variis
601 512 848 548 Antenorem
868 524 956 547 cum
982 510 1239 547 multitudine
1259 510 1443 557 Enetum,
1468 524 1485 548 2

122 574 189 623 qui
217 574 405 612 seditione
426 586 475 611 ex
502 573 774 622 Paphlagonia
797 573 900 622 pulsi
925 576 967 610 et
989 572 1097 609 sedes
1126 574 1166 608 et
1194 572 1331 609 ducem
1355 585 1445 622 rege

124 636 358 684 Pylaemene
385 635 436 671 ad
463 635 619 671 Troiam
647 635 789 671 amisso
817 634 1074 683 quaerebant,
1095 633 1245 670 venisse
1272 634 1312 670 in
1342 634 1446 671 intu-

122 710 231 734 mum
250 696 371 733 maris
390 689 593 733 Adriatici
618 696 775 743 sinum3
806 695 1094 745 Euganeisque,
1117 695 1185 743 qui
1211 695 1317 732 inter
1336 707 1446 732 mare
1465 709 1486 744 3

123 757 320 807 Alpesque
338 756 574 803 incolebant,
595 756 718 805 pulsis
737 756 885 793 Enetos
903 756 1167 804 Troianosque
1188 768 1254 792 eas
1273 756 1445 794 tenuisse

121 823 260 856 terras.
318 818 373 856 Et
391 819 432 855 in
451 831 568 867 quem
583 817 710 867 primo
722 817 864 867 egressi
878 822 974 855 sunt
991 817 1119 854 locum
1139 817 1255 854 Troia
1270 823 1445 864 vocatur,

122 893 297 930 pagoque
328 880 495 930 'Jssroiano
523 879 614 916 inde
650 892 791 916 nomen
829 883 911 925 est;
949 892 1044 928 gens
1081 878 1266 916 universa
1296 880 1444 917 Veneti

121 930 344 991 appellatis
380 941 558 978 Aeneam
578 941 629 978 ab
647 941 765 978 simili
790 941 897 978 clade
926 941 1039 977 domo
1062 941 1289 991 profugum,
1309 942 1375 979 sed
1395 943 1445 979 ad
1464 957 1488 990 4

84 1032 86 1034 -
122 1005 272 1041 maiora
296 1015 428 1040 rerum
454 1003 571 1039 initia
590 1003 822 1039 ducentibus
846 1002 941 1039 fatis
966 1002 1092 1051 primo
1111 1003 1154 1039 in
1174 1003 1443 1040 Macedoniam

117 1054 283 1110 retussa
320 1063 411 1100 inde
442 1063 484 1100 in
522 1063 693 1100 Siciliam
730 1067 990 1112 quaerentem
1028 1063 1135 1101 sedes
1171 1064 1360 1110 delatum,
1394 1065 1444 1102 ab

122 1124 253 1162 Sicilia
270 1125 391 1161 classe
411 1125 460 1161 ad
482 1125 720 1161 Laurentem
747 1137 888 1173 agrum
908 1124 1091 1161 tenuisse.
1148 1125 1265 1162 Troia
1290 1130 1331 1162 et
1353 1126 1444 1163 huic
1463 1141 1484 1179 5

120 1187 202 1224 loco
220 1198 363 1223 nomen
382 1189 452 1222 est.
509 1185 573 1221 Ibi
599 1185 743 1234 egressi
771 1185 942 1231 Troiani,
964 1188 1011 1221 ut
1035 1185 1178 1234 quibus
1197 1186 1248 1222 ab
1268 1186 1445 1224 inmenso

64 1276 82 1285 „
120 1259 239 1298 prope
257 1259 387 1299 errore
414 1247 514 1283 nihil
539 1250 697 1296 praeter
717 1260 829 1284 arma
857 1250 898 1284 et
925 1259 1047 1284 naves
1074 1252 1333 1296 superessent,
1354 1262 1442 1285 cum

110 1299 304 1359 'praedam
325 1320 374 1344 ex
401 1308 507 1357 agris
534 1312 711 1357 agerent,
734 1308 904 1345 Latinus
933 1320 1001 1345 rex
1029 1308 1355 1358 Aboriginesque,
1376 1310 1443 1358 qui

121 1374 206 1408 tum
225 1382 270 1407 ea
286 1369 480 1406 tenebant
498 1368 594 1415 loca,
615 1369 664 1405 ad
698 1369 907 1406 arcendam
928 1370 1007 1405 vim
1031 1369 1275 1406 advenarum
1297 1371 1444 1407 armati

119 1443 168 1468 ex
195 1431 293 1467 urbe
319 1434 440 1479 atque
467 1431 575 1479 agris
601 1434 854 1467 concurrunt.
914 1430 1071 1480 Duplex
1098 1430 1189 1467 inde
1218 1430 1327 1468 fama
1356 1436 1440 1470 est:
1462 1436 1484 1472 6

120 1492 187 1529 alii
223 1491 368 1541 proelio
404 1491 552 1528 victum
591 1492 781 1528 Latinum
820 1505 954 1541 pacem
992 1505 1080 1528 cum
1116 1493 1266 1540 Aenea,
1304 1493 1442 1531 deinde

120 1552 368 1590 adfinitatem
404 1552 578 1589 iunxisse
614 1553 795 1599 tradunt,
832 1553 911 1600 alii,
951 1566 1039 1590 cum
1078 1554 1296 1592 instructae
1342 1556 1442 1593 acies
1462 1569 1481 1606 7

119 1613 398 1660 constitissent,
413 1613 643 1663 priusquam
663 1614 775 1667 signa
795 1619 994 1661 canerent,
1010 1616 1237 1664 processisse
1251 1617 1441 1654 Latinum

119 1677 224 1713 inter
262 1674 448 1724 primores
485 1663 716 1725 ducemque
732 1675 977 1713 advenarum
1017 1689 1193 1714 evocasse
1234 1678 1285 1715 ad
1317 1679 1443 1716 conlo-

119 1737 280 1786 quium3
317 1740 618 1785 percunctatum
656 1737 804 1783 deinde,
837 1738 905 1786 qui
938 1738 1126 1775 mortales
1158 1743 1299 1786 essent,
1337 1740 1442 1777 unde

119 1802 190 1835 aut
217 1809 294 1846 quo
321 1809 413 1834 casu
450 1797 616 1847 profecti
644 1798 768 1844 domo,
798 1799 942 1847 quidve
969 1803 1204 1848 quaerentes
1230 1801 1272 1837 in
1300 1814 1441 1849 agrum

122 1858 411 1896 Laurentinum
449 1859 631 1906 exissent,
670 1866 877 1909 postquam
925 1860 1096 1897 audierit
1142 1861 1438 1899 multitudinem
1460 1869 1482 1904 8

119 1920 305 1957 Troianos
331 1932 423 1967 esse,
452 1920 588 1958 ducem
618 1922 796 1958 Aeneam
825 1922 950 1959 filium
978 1922 1174 1959 Anchisae
1192 1927 1234 1960 et
1261 1924 1439 1972 Veneris,

119 1985 291 2020 cremata
320 1982 453 2030 patria
485 1983 598 2020 domo
630 1984 816 2033 profugos
844 1984 973 2021 sedem
1001 1985 1301 2035 condendaeque
1333 1986 1440 2023 urbis

119 2043 245 2080 locum
264 2055 464 2092 quaerere,
485 2047 525 2081 et
544 2045 797 2082 nobilitatem
816 2046 1056 2082 admiratum
1082 2047 1211 2096 gentis
1231 2048 1382 2096 virique
1400 2051 1441 2084 et

120 2104 298 2141 animum
334 2104 395 2141 vel
431 2105 532 2142 bello
568 2105 630 2142 vel
667 2107 753 2154 paci
790 2111 976 2155 paratum
1015 2107 1155 2144 dextra
1193 2108 1289 2145 data
1325 2109 1440 2146 fidem

120 2165 278 2202 futurae
297 2166 492 2203 amicitiae
509 2168 692 2204 sanxisse.
750 2168 849 2205 Inde
876 2167 1011 2205 foedus
1038 2169 1161 2206 ictum
1190 2170 1294 2206 inter
1313 2170 1438 2217 duces,
1459 2187 1482 2220 9

120 2228 225 2264 inter
243 2226 433 2264 exercitus
444 2227 724 2265 salutationem
738 2229 885 2266 factam
900 2243 910 2276 ;
938 2231 1117 2267 Aeneam
1129 2231 1233 2280 apud
1249 2231 1438 2268 Latinum

119 2287 239 2326 fuisse
257 2288 300 2325 in
318 2288 495 2338 hospitio.
552 2290 616 2327 Ibi
636 2290 825 2327 Latinum
845 2292 949 2340 apud
969 2296 1132 2341 penates
1151 2293 1239 2329 deos
1257 2292 1437 2329 domesti-

2 1046 81 1079 ΝΠ*
