1674 2506
654 175 770 201 CHAP.
804 164 864 210 12,
897 164 956 200 13.
1415 163 1458 198 31

145 267 317 313 Curtius,
336 267 388 304 ab
403 266 593 304 Romanis
612 267 778 304 Hostius
791 266 996 304 Hostilius.
1054 266 1132 303 Hic
1146 278 1228 302 rem
1243 266 1464 302 Romanam

143 331 277 380 iniquo
295 330 376 367 loco
403 330 453 367 ad
470 330 600 379 prima
618 331 732 380 signa
751 330 885 367 animo
904 333 1025 379 atque
1042 329 1205 367 audacia
1230 328 1463 366 sustinebat.

150 393 205 431 Ut
224 392 390 429 Hostius
408 391 556 438 cecidit,
570 391 774 429 confestim
790 391 970 428 Romana
985 391 1201 428 inclinatur
1220 390 1335 434 acies,
1357 389 1463 426 fusa·
1484 402 1505 438 3

144 466 220 504 que
238 456 298 490 est
312 453 362 490 ad
382 456 555 490 veterem
576 457 732 502 portam
753 452 913 490 Palatii.
972 453 1166 489 Romulus
1184 455 1224 489 et
1243 452 1326 500 ipse
1345 451 1465 488 turba

144 514 384 564 fugientium
404 518 514 552 actus
534 527 647 551 arma
675 514 726 552 ad
745 514 897 551 caelum
918 514 1071 561 tollens,
1094 517 1115 534 ‘⁴
1132 513 1328 563 Iuppiter,
1349 511 1432 549 tuin
1447 511 1466 526 '¹
1485 526 1509 560 4

143 577 277 626 inquit
297 579 318 596 “
334 577 461 613 iussus
479 576 620 613 avibus
638 575 702 612 hic
721 576 764 612 in
784 575 938 612 Palatio
954 576 1083 625 prima
1095 575 1185 612 urbi
1205 574 1465 612 fundamenta

144 637 226 674 ieci.
282 637 429 674 Arcem
447 637 525 674 iam
545 637 686 674 scelere
714 640 886 686 emptam
917 636 1054 673 Sabini
1083 637 1254 683 babent3
1283 636 1373 673 inde
1393 635 1468 672 huc

144 698 287 736 armati
305 702 492 747 superata
518 698 647 735 media
675 698 778 735 valle
805 698 988 746 tendunt.
1048 698 1107 734 At
1135 701 1194 744 tu,
1214 701 1330 747 pater
1350 697 1466 734 deum
1487 709 1506 747 5

145 760 436 809 hominumque,
457 760 549 797 hinc
567 761 706 797 saltem
719 771 808 796 arce
820 759 961 806 hostes,
978 759 1088 796 deme
1107 763 1299 796 terrorem
1320 758 1465 795 Roma-

147 822 207 858 nis
226 821 442 871 fugamque
459 820 614 858 foedam
643 821 747 857 siste.
806 821 884 858 Hic
912 833 983 870 ego
1012 820 1086 857 tibi
1105 820 1298 869 templum
1319 819 1468 857 Statori
1487 823 1508 858 6

149 882 245 929 Iovi,
283 882 387 932 quod
424 886 726 919 monumentum
761 883 814 919 sit
851 883 1016 931 posteris
1047 885 1119 918 tua
1154 881 1352 930 praesenti
1397 893 1468 930 ope

147 948 343 982 servatam
380 944 517 980 urbem
555 956 645 989 esse,
684 942 838 980 voveo.''
895 943 1007 981 Haec
1043 947 1238 993 precatus,
1277 942 1389 979 velut
1435 942 1466 979 si
1488 952 1506 988 7

146 1005 328 1043 sensisset
346 1005 503 1042 auditas
520 1017 662 1054 preces,
685 1004 812 1041 “hinc
828 1003 846 1019 ''
866 1005 1008 1054 inquit,
1040 1007 1062 1025 “
1079 1004 1264 1049 Romani,
1284 1004 1468 1054 Iuppiter

148 1068 321 1117 optimus
351 1067 547 1104 maximus
575 1067 755 1104 resistere
787 1070 909 1115 atque
934 1067 1080 1103 iterare
1112 1078 1288 1115 pugnam
1320 1065 1465 1105 iubet.''

149 1128 347 1167 Restitere
383 1127 555 1164 Romani
589 1131 794 1177 tamquam
832 1127 988 1164 caelesti
1019 1139 1109 1165 voce
1145 1127 1260 1164 iussi:
1300 1128 1381 1176 ipse
1419 1127 1469 1164 ad

149 1190 338 1240 primores
370 1189 564 1226 Romulus
592 1189 780 1238 provolat.
839 1188 1010 1226 Mettius
1040 1188 1203 1226 Curtius
1231 1189 1281 1225 ab
1314 1188 1470 1225 Sabinis
1487 1195 1510 1230 8

150 1252 328 1302 princeps
342 1251 394 1288 ab
405 1263 493 1288 arce
505 1251 793 1296 decucurrerat,
811 1254 851 1287 et
866 1250 1005 1287 effusos
1019 1254 1155 1300 egerat
1171 1250 1372 1287 Romanos
1386 1255 1470 1287 toto

149 1316 344 1363 quantum
362 1312 448 1349 foro
474 1313 642 1361 spatium
675 1315 747 1358 est,
775 1323 847 1349 nec
873 1311 1007 1361 procul
1034 1312 1112 1348 iam
1140 1325 1163 1348 a
1190 1315 1305 1361 porta
1324 1311 1471 1348 Palatii

151 1378 249 1421 erat,
275 1373 484 1411 clamitans
512 1373 716 1410 “vicimus
738 1373 906 1422 perfidos
935 1373 1116 1422 hospites,
1136 1372 1299 1410 inbelles
1326 1372 1466 1411 hostes.

153 1437 240 1473 Iam
259 1436 390 1472 sciunt
417 1435 531 1484 longe
559 1434 668 1471 aliud
696 1447 777 1471 esse
806 1435 977 1484 virgines
996 1447 1144 1484 rapere,
1165 1434 1273 1471 aliud
1292 1446 1471 1483 pugnare
1489 1436 1510 1471 9

151 1510 238 1534 cum
259 1496 388 1533 viris.''
444 1496 496 1532 In
523 1508 614 1533 eum
642 1495 739 1532 haec
769 1495 1005 1544 gloriantem
1034 1508 1123 1532 cum
1152 1495 1264 1544 globo
1284 1494 1471 1532 ferocissi-

151 1570 304 1595 morum
334 1557 521 1594 iuvenum
557 1556 749 1593 Romulus
774 1557 967 1605 impetum
997 1555 1105 1592 facit.
1164 1557 1226 1592 Ex
1255 1569 1353 1605 equo
1382 1560 1470 1593 tum

153 1619 256 1656 forte
288 1618 457 1655 Mettius
493 1618 722 1667 pugnabat;
769 1630 812 1654 eo
838 1617 930 1666 pelli
968 1617 1121 1654 facilius
1155 1616 1246 1654 fuit.
1305 1617 1470 1654 Pulsum

153 1680 324 1718 Romani
349 1684 619 1729 persecuntur,
656 1682 697 1717 et
724 1679 802 1716 alia
834 1678 1017 1715 Romana
1049 1679 1148 1715 acies
1179 1679 1346 1716 audacia
1370 1678 1472 1727 regis

152 1754 312 1779 accensa
338 1741 472 1778 fundit
501 1740 674 1778 Sabinos.
732 1740 900 1777 Mettius
928 1739 970 1777 in
999 1739 1182 1788 paludem
1202 1752 1282 1776 sese
1302 1739 1471 1788 strepitu
1494 1752 1539 1777 10

153 1804 400 1853 sequentium
428 1803 654 1852 trepidante
681 1814 780 1851 equo
809 1802 973 1839 coniecit
988 1815 998 1849 3
1027 1805 1307 1850 averteratque
1335 1814 1382 1838 ea
1410 1813 1472 1838 res

152 1865 275 1902 etiam
290 1864 456 1902 Sabinos
475 1864 578 1900 tanti
607 1863 779 1914 periculo
807 1863 893 1900 viri.
951 1863 1004 1900 Et
1027 1863 1093 1899 ille
1119 1863 1277 1912 quidem
1297 1863 1471 1900 adnuen-

153 1927 260 1964 tibus
288 1939 333 1964 ac
363 1926 594 1963 vocantibus
623 1925 702 1963 suis
740 1924 875 1962 favore
904 1925 1120 1962 multorum
1164 1925 1298 1962 addito
1339 1924 1472 1962 animo

154 1988 310 2026 evadit:
332 1987 503 2024 Romani
524 1986 740 2036 Sabinique
759 1987 801 2023 in
820 1987 948 2023 media
967 1985 1140 2023 convalle
1169 1986 1335 2022 duorum
1363 1998 1472 2023 mon-

153 2050 254 2086 tium
274 2049 548 2097 redintegrant
568 2047 755 2097 proelium
772 2060 782 2094 ς
812 2048 878 2084 sed
897 2059 958 2083 res
977 2047 1160 2084 Romana
1179 2052 1267 2084 erat
1286 2046 1472 2096 superior.

207 2174 334 2211 XIII.
364 2174 463 2210 Tum
483 2173 654 2211 Sabinae
680 2173 873 2218 mulieres,
895 2185 1064 2222 quarum
1090 2185 1139 2209 ex
1162 2172 1309 2209 iniuria
1328 2172 1473 2210 bellum
1495 2188 1511 2214 1

155 2239 286 2272 ortum
332 2238 430 2280 erat,
468 2235 640 2272 crinibus
675 2234 799 2284 passis
835 2235 1029 2283 scissaque
1074 2238 1182 2271 veste
1219 2235 1323 2271 victo
1360 2233 1475 2270 malis

156 2296 337 2333 muliebri
369 2308 514 2346 pavore
545 2308 664 2333 ausae
699 2307 740 2332 se
775 2294 880 2332 inter
911 2295 994 2331 tela
1023 2295 1202 2331 volantia
1238 2294 1396 2340 inferre,
1426 2306 1473 2330 ex
