1674 2506
196 139 243 180 76
786 155 877 182 mvr
908 158 932 182 1.

196 245 334 283 sciant.
393 246 576 284 Forsitan
597 247 716 285 etiam
736 249 887 286 ardoris
910 250 1063 298 aliquid
1091 250 1142 286 ad
1172 250 1508 299 bellumarmaque

194 320 234 344 se
252 307 437 345 adversus
456 308 777 357 superbissimum
799 323 930 359 regem
951 324 997 348 ac
1022 311 1302 348 ferocissimum
1330 312 1515 361 populum

150 405 173 428 0
192 368 461 405 inventurum.
520 369 631 415 Cum,
653 371 685 406 si
705 371 804 407 nihil
831 376 1096 418 morarentur,
1117 372 1294 409 infensus
1315 373 1376 409 ira
1401 385 1516 421 porro

194 429 283 466 inde
325 431 508 467 abiturus
566 430 780 477 videretur,
809 432 977 481 benigne
1013 433 1064 469 ab
1102 433 1266 470 Gabinis
1309 433 1513 482 excipitur.

193 491 349 527 Vetant
374 493 524 538 mirari,
547 493 590 539 si,
611 493 739 541 qualis
765 494 806 530 in
833 494 945 541 cives,
976 495 1103 543 qualis
1131 495 1172 531 in
1198 496 1328 542 socios,
1349 495 1439 531 talis
1467 494 1515 531 ad

193 552 377 588 ultimum
396 553 438 589 in
458 553 597 590 liberos
616 558 729 591 esset.
771 555 822 592 In
841 568 880 592 se
900 556 1027 604 ipsum
1048 560 1242 605 postremo
1260 556 1514 602 saeviturum,

192 613 224 649 si
243 613 322 649 alia
342 613 481 651 desint.
542 614 623 652 Sibi
644 628 735 652 vero
762 620 924 665 gratum
954 617 1171 654 adventum
1191 618 1274 655 eius
1296 630 1388 663 esse,
1409 616 1516 653 futu-

192 687 356 723 rumque
376 675 530 712 credere
549 675 670 723 brevi,
691 681 737 713 ut
755 677 822 713 illo
842 678 1056 715 adiuvante
1076 692 1100 714 a
1120 680 1242 728 portis
1261 679 1426 715 Gabinis
1443 678 1516 714 sub

194 736 375 773 Romana
393 737 547 773 moenia
567 737 714 774 bellum
734 737 1016 776 transferatur.

246 858 357 895 LIV.
388 859 488 895 Inde
518 859 561 896 in
599 860 759 896 consilia
792 860 948 909 publica
979 861 1166 897 adhiberi.
1233 861 1316 899 Ubi
1348 875 1437 899 cum
1469 862 1515 899 de

193 920 279 956 aliis
307 921 423 957 rebus
441 920 640 957 adsentire
659 934 698 957 se
717 922 917 958 veteribus
936 922 1100 959 Gabinis
1119 923 1262 960 diceret
1286 923 1428 972 quibus
1446 936 1516 961 eae

193 981 363 1017 notiores
392 985 524 1017 essent
537 994 547 1028 3
586 981 667 1030 ipse
695 982 907 1018 identidem
937 982 1027 1018 belli
1056 987 1193 1020 auctor
1220 996 1311 1030 esse,
1335 987 1375 1020 et
1401 985 1444 1020 in
1471 996 1516 1020 eo

192 1041 264 1078 sibi
278 1041 531 1090 praecipuam
547 1041 798 1091 prudentiam
813 1042 1029 1089 adsumere,
1045 1043 1148 1092 quod
1166 1045 1372 1093 utriusque
1383 1045 1516 1094 populi

192 1102 294 1138 vires
323 1106 466 1146 nosset,
496 1103 689 1152 sciretque
717 1103 885 1140 invisam
914 1104 1088 1153 profecto
1114 1106 1339 1154 superbiam
1366 1106 1515 1155 regiam

191 1163 340 1200 civibus
368 1175 460 1209 esse,
480 1177 599 1213 quam
628 1163 731 1201 ferre
759 1177 809 1201 ne
837 1165 949 1201 liberi
976 1166 1132 1214 quidem
1159 1167 1389 1215 potuissent.
1447 1168 1515 1205 Ita

192 1237 279 1261 cum
298 1224 441 1261 sensim
464 1225 515 1261 ad
540 1225 809 1262 rebellandum
838 1226 1027 1274 primores
1055 1227 1298 1264 Gabinorum
1318 1229 1513 1276 incitaret,

191 1287 273 1334 ipse
291 1299 380 1322 cum
398 1286 700 1335 promptissimis
711 1287 899 1323 iuvenum
919 1288 1154 1336 praedatum
1173 1292 1294 1338 atque
1306 1289 1348 1326 in
1363 1290 1514 1339 expedi-

191 1347 317 1384 tiones
330 1347 417 1393 iret,
430 1350 471 1383 et
486 1347 598 1383 dictis
612 1346 805 1396 factisque
823 1349 1004 1385 omnibus
1015 1349 1065 1385 ad
1080 1348 1296 1387 fallendum
1312 1351 1514 1388 instructis

192 1421 297 1444 vana
322 1412 556 1445 accresceret
585 1408 688 1455 fides,
720 1408 799 1445 dux
826 1409 875 1445 ad
903 1409 1089 1446 ultimum
1119 1410 1209 1447 belli
1236 1411 1393 1460 legitur.
1450 1412 1513 1449 Ibi

191 1481 279 1505 cum
307 1468 430 1505 inscia
459 1469 732 1515 multitudine,
752 1470 846 1518 quid
873 1474 1067 1519 ageretur,
1088 1472 1234 1520 proelia
1260 1485 1385 1521 parva,
1408 1473 1514 1510 inter

194 1530 361 1566 Romam
395 1530 616 1580 Gabiosque
648 1531 800 1577 fierent,
834 1532 976 1580 quibus
1005 1532 1234 1582 plerumque
1267 1533 1422 1571 Gabina
1452 1547 1514 1572 res

191 1592 366 1640 superior
398 1596 509 1638 esset,
538 1596 625 1629 tum
658 1593 840 1629 certatim
870 1594 1013 1630 summi
1040 1594 1242 1643 infimique
1269 1595 1512 1632 Gabinorum

194 1652 280 1690 Sex.
314 1653 574 1702 Tarquinium
606 1653 706 1690 dono
739 1654 854 1690 deum
884 1654 957 1691 sibi
993 1655 1153 1691 missum
1182 1655 1316 1692 ducem
1345 1656 1510 1693 credere.

194 1713 311 1763 Apud
348 1714 492 1750 milites
531 1727 621 1751 vero
658 1714 835 1751 obeundo
872 1716 1046 1764 pericula
1082 1729 1126 1753 ac
1161 1716 1314 1754 labores
1350 1718 1511 1766 pariter,

191 1774 376 1824 praedam
396 1776 579 1812 munifice
593 1776 795 1825 largiendo
814 1780 931 1813 tanta
950 1778 1117 1813 caritate
1136 1790 1228 1824 esse,
1241 1782 1287 1815 ut
1305 1791 1385 1815 non
1398 1782 1513 1828 pater

192 1836 427 1884 Tarquinius
442 1837 638 1885 potentior
654 1836 803 1873 Romae
818 1850 937 1886 quam
949 1837 1053 1874 filius
1068 1838 1202 1874 Gabiis
1213 1843 1324 1875 esset.
1369 1839 1512 1888 Itaque

192 1902 400 1947 postquam
420 1898 516 1934 satis
534 1898 678 1934 virium
701 1898 904 1935 collectum
929 1899 978 1935 ad
1003 1911 1137 1935 omnes
1161 1903 1324 1936 conatus
1343 1900 1509 1945 videbat,

191 1962 277 1995 tum
308 1971 356 1995 ex
385 1960 465 1995 suis
496 1971 620 1994 unum
645 1959 886 1996 sciscitatum
915 1959 1083 1996 Romam
1114 1959 1164 1996 ad
1192 1964 1346 2009 patrem
1371 1961 1508 2006 mittit,

196 2019 384 2069 quidnam
412 2032 452 2056 se
480 2019 610 2056 facere
638 2020 768 2066 vellet,
797 2020 954 2069 quando
979 2021 1147 2069 quidem,
1178 2025 1224 2058 ut
1249 2022 1378 2058 omnia
1406 2035 1509 2059 unus

196 2081 331 2117 Gabiis
358 2084 498 2129 posset,
519 2081 555 2117 ei
583 2081 638 2117 dii
665 2081 874 2118 dedissent.
944 2082 1050 2118 Huic
1077 2083 1230 2128 nuntio,
1253 2084 1358 2132 quia,
1386 2083 1508 2129 credo,

194 2142 333 2179 dubiae
371 2143 460 2178 fidei
495 2142 716 2189 videbatur,
755 2143 853 2179 nihil
889 2155 979 2180 voce
1016 2157 1242 2193 responsum
1280 2149 1349 2181 est.
1424 2145 1510 2182 Rex

193 2203 302 2240 velut
334 2203 664 2240 deliberabundus
696 2204 737 2240 in
770 2204 929 2240 hortum
967 2204 1119 2240 aedium
1149 2205 1295 2241 transit
1323 2210 1510 2254 sequente

194 2264 335 2302 nuntio
372 2264 465 2311 filii3
512 2264 565 2300 ibi
604 2264 855 2301 inambulans
896 2265 1042 2302 tacitus
1079 2278 1232 2302 summa
1268 2279 1505 2315 papaverum

156 899 171 922 1

153 1204 171 1227 2

151 1453 172 1488 3

151 1758 174 1791 4

155 1879 172 1917 5
