1674 2506
174 115 223 151 38
763 125 855 150 LIVY
883 124 909 149 1.

174 215 282 254 feci.'’
353 217 453 253 Tum
500 216 650 265 peregit
688 216 816 252 verbis
852 216 1034 265 auspicia,
1072 228 1171 265 quae
1207 216 1313 252 mitti
1350 215 1468 253 vellet
1484 227 1494 260 ;

173 279 316 327 quibus
336 279 461 314 missis
480 278 702 314 declaratus
720 289 791 313 rex
809 276 945 313 Numa
965 277 1012 313 de
1031 276 1178 325 templo
1197 276 1404 313 descendit.

135 415 151 440 1
226 399 347 437 XIX.
376 399 453 444 Qui
480 412 601 448 regno
628 398 687 435 ita
713 399 862 447 potitus
890 399 1025 435 urbem
1054 411 1210 444 novam,
1231 398 1429 435 conditam
1455 398 1495 434 vi

173 464 214 498 et
233 460 364 507 armis,
379 461 464 497 iure
483 473 570 497 eam
589 459 817 508 legibusque
836 473 881 496 ac
900 460 1074 496 moribus
1092 459 1139 497 de
1157 460 1311 509 integro
1330 459 1496 496 condere

135 535 153 559 2
174 525 301 571 parat.
351 522 501 567 Quibus
520 535 608 558 cum
627 522 734 558 inter
752 521 854 558 bella
875 522 1098 558 adsuescere
1114 521 1265 558 videret
1277 534 1357 558 non
1372 533 1493 571 posse,

175 585 319 633 quippe
338 584 491 620 efferari
508 583 650 620 militia
671 584 833 630 animos,
846 584 1109 632 mitigandum
1121 583 1287 620 ferocem
1305 582 1494 633 populum

175 659 376 682 armorum
398 645 655 682 desuetudine
674 650 787 682 ratus
808 645 953 681 Ianum
981 645 1033 681 ad
1061 644 1240 681 infimum
1270 644 1495 693 Argiletum

176 706 342 743 indicem
390 705 496 756 pacis
543 706 713 755 bellique
755 705 859 752 fecit,
898 710 1060 755 apertus
1097 709 1142 743 ut
1177 705 1220 743 in
1257 706 1379 742 armis
1415 717 1496 742 esse

175 767 390 814 civitatem,
412 767 569 805 clausus
587 771 748 816 pacatos
766 768 868 804 circa
896 780 1030 804 omnes
1056 767 1218 816 populos
1245 766 1485 816 significaret

133 835 154 870 3
179 829 246 865 Bis
267 829 408 866 deinde
420 833 507 879 post
521 829 680 866 Numae
698 841 863 878 regnum
877 829 1031 866 clausus
1050 828 1138 875 fuit,
1151 828 1271 866 semel
1285 828 1327 866 T.
1343 827 1495 865 Manlio

174 890 330 926 consule
367 893 455 939 post
485 890 677 926 Punicum
707 890 877 938 primum
907 889 1123 939 perfectum
1151 889 1308 935 bellum,
1337 890 1493 935 iterum,

174 951 278 1000 quod
306 954 465 987 nostrae
485 951 610 987 aetati
632 951 687 987 dii
706 950 899 987 dederunt
918 955 964 987 ut
992 951 1224 998 videremus,
1243 955 1331 1000 post
1349 950 1494 988 bellum

175 1012 385 1050 Actiacum
400 1013 452 1049 ab
465 1013 702 1062 imperatore
714 1012 880 1049 Caesare
894 1013 1075 1062 Augusto
1087 1025 1180 1062 pace
1198 1016 1306 1049 terra
1316 1012 1495 1061 marique

132 1090 156 1124 4
174 1078 302 1123 parta.
353 1074 495 1111 Clauso
510 1086 554 1111 eo
570 1087 657 1110 cum
672 1074 847 1110 omnium
863 1074 963 1111 circa
977 1074 1236 1111 finitimorum
1251 1075 1434 1111 societate
1449 1087 1495 1110 ac

173 1135 392 1172 foederibus
410 1136 604 1172 iunxisset
623 1135 785 1181 animos,
806 1135 941 1184 positis
960 1139 1214 1172 externorum
1233 1134 1493 1184 periculorum

174 1197 278 1234 curis
296 1210 345 1234 ne
365 1197 615 1234 luxuriarent
643 1197 722 1233 otio
749 1196 881 1243 animi,
903 1209 999 1245 quos
1027 1200 1156 1234 metus
1183 1196 1355 1233 hostium
1384 1196 1493 1233 disci-

173 1259 361 1308 plinaque
398 1259 582 1295 militaris
617 1258 879 1304 continuerat,
913 1258 1088 1295 omnium
1125 1257 1297 1307 primum
1333 1270 1417 1295 rem
1445 1257 1494 1294 ad

174 1319 471 1357 multitudinem
483 1319 697 1368 inperitam
709 1322 749 1355 et
763 1318 839 1355 illis
851 1319 1015 1356 saeculis
1028 1318 1165 1356 rudem
1177 1319 1493 1364 efficacissimam,

134 1392 155 1431 5
173 1381 333 1418 deorum
354 1386 505 1418 metum
525 1379 768 1416 iniciendum
788 1383 900 1416 ratus
928 1382 997 1416 est.
1055 1379 1131 1424 Qui
1150 1391 1240 1416 cum
1267 1379 1496 1416 descendere

174 1442 223 1479 ad
243 1443 395 1479 animos
412 1442 497 1479 sine
516 1441 647 1490 aliquo
667 1445 885 1478 commento
899 1441 1076 1478 miraculi
1088 1453 1167 1477 non
1182 1444 1321 1490 posset,
1335 1440 1495 1477 simulat

175 1503 247 1540 sibi
279 1516 367 1540 cum
405 1503 477 1540 dea
511 1503 656 1551 Egeria
685 1515 912 1551 congressus
949 1506 1161 1539 nocturnos
1190 1514 1271 1539 esse
1286 1515 1296 1549 3
1337 1502 1420 1539 eius
1456 1514 1496 1538 se

175 1565 340 1611 monitu,
356 1577 457 1613 quae
476 1564 744 1613 acceptissima
764 1563 836 1600 diis
851 1567 992 1610 essent,
1012 1576 1122 1600 sacra
1137 1563 1357 1608 instituere,
1373 1576 1497 1601 sacer-

176 1626 284 1663 dotes
303 1639 392 1663 suos
412 1626 552 1674 cuique
572 1625 733 1662 deorum
753 1624 973 1674 praeficere.

134 1694 156 1730 6
228 1687 365 1736 Atque
402 1687 577 1723 omnium
615 1686 787 1735 primum
824 1685 875 1722 ad
913 1699 1049 1723 cursus
1077 1687 1197 1723 lunae
1226 1687 1268 1723 in
1295 1686 1496 1723 duodecim

174 1760 326 1784 menses
345 1747 528 1783 describit
555 1759 731 1792 annum3
760 1757 890 1794 quem,
911 1747 1004 1794 quia
1031 1747 1199 1784 tricenos
1227 1746 1307 1783 dies
1334 1746 1498 1796 singulis

175 1808 375 1845 mensibus
402 1808 498 1844 luna
527 1820 607 1844 non
627 1807 769 1855 explet,
790 1807 1009 1855 desuntque
1038 1806 1118 1844 dies
1145 1807 1264 1844 solido
1292 1820 1408 1854 anno,
1428 1807 1497 1856 qui

175 1870 373 1908 solstitia-li
403 1869 686 1918 circumagitur
719 1868 823 1914 orbe,
857 1868 1117 1905 intercalariis
1148 1869 1348 1906 mensibus
1379 1868 1497 1906 inter-

176 1932 365 1981 ponendis
384 1931 441 1968 ita
461 1931 713 1980 dispensavit,
728 1932 775 1966 ut
793 1929 974 1966 vicesimo
986 1943 1090 1966 anno
1105 1930 1155 1966 ad
1170 1934 1317 1967 metam
1332 1930 1496 1967 eandem

179 1993 280 2039 solis,
300 1992 405 2029 unde
423 1992 501 2028 orsi
523 1994 664 2036 essent,
685 1990 810 2039 plenis
828 1991 1004 2027 omnium
1032 2003 1227 2027 annorum
1256 1991 1392 2039 spatiis
1418 1990 1499 2027 dies

138 2073 156 2110 7
176 2057 450 2102 congruerent.
508 2052 621 2089 Idem
652 2051 825 2088 nefastos
853 2051 933 2087 dies
961 2051 1160 2100 fastosque
1186 2051 1291 2098 fecit,
1311 2051 1405 2099 quia
1431 2051 1498 2088 ah-

180 2114 338 2164 quando
357 2113 457 2150 nihil
475 2126 564 2149 cum
583 2112 725 2161 populo
744 2111 809 2159 agi
827 2111 925 2147 utile
944 2111 1125 2148 futurum
1144 2116 1242 2148 erat.

142 2262 154 2285 1
235 2237 330 2275 XX.
360 2236 458 2272 Tum
497 2234 762 2271 sacerdotibus
788 2233 964 2270 creandis
991 2233 1167 2269 animum
1196 2233 1337 2270 adiecit
1363 2246 1496 2282 quam-
