<?xml version="1.0" encoding="UTF-8"?>
<!DOCTYPE html PUBLIC "-//W3C//DTD XHTML 1.0 Transitional//EN"
    "http://www.w3.org/TR/xhtml1/DTD/xhtml1-transitional.dtd">
<html xmlns="http://www.w3.org/1999/xhtml" xml:lang="en" lang="en">
 <head>
  <title>
</title>
<meta http-equiv="Content-Type" content="text/html;charset=utf-8" />
  <meta name='ocr-system' content='tesseract 3.04.00' />
  <meta name='ocr-capabilities' content='ocr_page ocr_carea ocr_par ocr_line ocrx_word'/>
</head>
<body>
  <div class='ocr_page' id='page_1' title='image "./bookimas00livyuoft_0045.png"; bbox 0 0 1674 2506; ppageno 0'>
   <div class='ocr_carea' id='block_1_1' title="bbox 653 147 1466 193">
    <p class='ocr_par' dir='ltr' id='par_1_1' title="bbox 653 147 1466 193">
     <span class='ocr_line' id='line_1_1' title="bbox 653 147 1466 193; baseline -0.004 -8"><span class='ocrx_word' id='word_1_1' title='bbox 653 159 787 185; x_wconf 75' lang='lat' dir='ltr'>anrs.</span> <span class='ocrx_word' id='word_1_2' title='bbox 821 149 881 193; x_wconf 85' lang='lat'>22,</span> <span class='ocrx_word' id='word_1_3' title='bbox 913 149 972 184; x_wconf 88' lang='lat'>23.</span> <span class='ocrx_word' id='word_1_4' title='bbox 1421 147 1466 183; x_wconf 87' lang='lat'>41</span> 
     </span>
    </p>
   </div>
   <div class='ocr_carea' id='block_1_2' title="bbox 148 250 1512 1092">
    <p class='ocr_par' dir='ltr' id='par_1_2' title="bbox 148 250 1512 1092">
     <span class='ocr_line' id='line_1_2' title="bbox 151 250 1469 303; baseline -0.005 -11"><span class='ocrx_word' id='word_1_5' title='bbox 151 254 257 292; x_wconf 74' lang='lat' dir='ltr'>Satis</span> <span class='ocrx_word' id='word_1_6' title='bbox 293 254 440 292; x_wconf 86' lang='lat' dir='ltr'>sciebat</span> <span class='ocrx_word' id='word_1_7' title='bbox 472 256 711 303; x_wconf 80' lang='lat' dir='ltr'>negaturum</span> <span class='ocrx_word' id='word_1_8' title='bbox 746 251 972 289; x_wconf 83' lang='lat' dir='ltr'>Albanum:</span> <span class='ocrx_word' id='word_1_9' title='bbox 1000 251 1059 288; x_wconf 82' lang='lat' dir='ltr'>ita</span> <span class='ocrx_word' id='word_1_10' title='bbox 1088 251 1150 300; x_wconf 88' lang='lat' dir='ltr'>pie</span> <span class='ocrx_word' id='word_1_11' title='bbox 1178 251 1323 287; x_wconf 90' lang='lat' dir='ltr'>bellum</span> <span class='ocrx_word' id='word_1_12' title='bbox 1352 250 1469 286; x_wconf 88' lang='lat' dir='ltr'>indici</span> 
     </span>
     <span class='ocr_line' id='line_1_3' title="bbox 149 311 1510 366; baseline -0.004 -13"><span class='ocrx_word' id='word_1_13' title='bbox 149 328 269 366; x_wconf 89' lang='lat' dir='ltr'>posse.</span> <span class='ocrx_word' id='word_1_14' title='bbox 324 315 391 352; x_wconf 92' lang='lat' dir='ltr'>Ab</span> <span class='ocrx_word' id='word_1_15' title='bbox 409 314 577 351; x_wconf 80' lang='lat' dir='ltr'>Albanis</span> <span class='ocrx_word' id='word_1_16' title='bbox 595 312 791 350; x_wconf 86' lang='lat' dir='ltr'>socordius</span> <span class='ocrx_word' id='word_1_17' title='bbox 809 324 871 349; x_wconf 85' lang='lat' dir='ltr'>res</span> <span class='ocrx_word' id='word_1_18' title='bbox 898 315 1012 349; x_wconf 84' lang='lat' dir='ltr'>acta:</span> <span class='ocrx_word' id='word_1_19' title='bbox 1042 312 1196 361; x_wconf 79' lang='lat' dir='ltr'>excepti</span> <span class='ocrx_word' id='word_1_20' title='bbox 1223 311 1391 361; x_wconf 88' lang='lat' dir='ltr'>hospitio</span> <span class='ocrx_word' id='word_1_21' title='bbox 1420 311 1470 347; x_wconf 85' lang='lat' dir='ltr'>ab</span> <span class='ocrx_word' id='word_1_22' title='bbox 1491 316 1510 354; x_wconf 90' lang='lat'>5</span> 
     </span>
     <span class='ocr_line' id='line_1_4' title="bbox 149 372 1470 424; baseline -0.005 -10"><span class='ocrx_word' id='word_1_23' title='bbox 149 377 261 414; x_wconf 91' lang='lat' dir='ltr'>Tullo</span> <span class='ocrx_word' id='word_1_24' title='bbox 279 376 419 413; x_wconf 80' lang='lat' dir='ltr'>blande</span> <span class='ocrx_word' id='word_1_25' title='bbox 439 389 484 412; x_wconf 82' lang='lat' dir='ltr'>ac</span> <span class='ocrx_word' id='word_1_26' title='bbox 512 375 678 424; x_wconf 78' lang='lat' dir='ltr'>benigne</span> <span class='ocrx_word' id='word_1_27' title='bbox 705 373 805 411; x_wconf 84' lang='lat' dir='ltr'>comi</span> <span class='ocrx_word' id='word_1_28' title='bbox 834 372 964 410; x_wconf 85' lang='lat' dir='ltr'>fronte</span> <span class='ocrx_word' id='word_1_29' title='bbox 992 373 1094 422; x_wconf 79' lang='lat' dir='ltr'>regis</span> <span class='ocrx_word' id='word_1_30' title='bbox 1122 373 1344 410; x_wconf 85' lang='lat' dir='ltr'>convivium</span> <span class='ocrx_word' id='word_1_31' title='bbox 1374 372 1470 409; x_wconf 86' lang='lat' dir='ltr'>cele-</span> 
     </span>
     <span class='ocr_line' id='line_1_5' title="bbox 149 435 1471 487; baseline -0.004 -12"><span class='ocrx_word' id='word_1_32' title='bbox 149 439 280 476; x_wconf 86' lang='lat' dir='ltr'>brant.</span> <span class='ocrx_word' id='word_1_33' title='bbox 349 437 560 487; x_wconf 84' lang='lat' dir='ltr'>Tantisper</span> <span class='ocrx_word' id='word_1_34' title='bbox 593 435 762 472; x_wconf 79' lang='lat' dir='ltr'>Romani</span> <span class='ocrx_word' id='word_1_35' title='bbox 792 438 833 472; x_wconf 93' lang='lat' dir='ltr'>et</span> <span class='ocrx_word' id='word_1_36' title='bbox 861 447 923 471; x_wconf 70' lang='lat' dir='ltr'>res</span> <span class='ocrx_word' id='word_1_37' title='bbox 951 435 1222 484; x_wconf 82' lang='lat' dir='ltr'>repetiverant</span> <span class='ocrx_word' id='word_1_38' title='bbox 1254 435 1403 483; x_wconf 81' lang='lat' dir='ltr'>priores</span> <span class='ocrx_word' id='word_1_39' title='bbox 1431 437 1471 470; x_wconf 90' lang='lat' dir='ltr'>et</span> 
     </span>
     <span class='ocr_line' id='line_1_6' title="bbox 149 496 1471 550; baseline -0.005 -13"><span class='ocrx_word' id='word_1_40' title='bbox 149 500 313 550; x_wconf 86' lang='lat' dir='ltr'>neganti</span> <span class='ocrx_word' id='word_1_41' title='bbox 327 499 485 536; x_wconf 82' lang='lat' dir='ltr'>Albano</span> <span class='ocrx_word' id='word_1_42' title='bbox 499 498 645 535; x_wconf 89' lang='lat' dir='ltr'>bellum</span> <span class='ocrx_word' id='word_1_43' title='bbox 660 497 702 534; x_wconf 90' lang='lat' dir='ltr'>in</span> <span class='ocrx_word' id='word_1_44' title='bbox 713 497 953 533; x_wconf 86' lang='lat' dir='ltr'>tricesimum</span> <span class='ocrx_word' id='word_1_45' title='bbox 968 496 1068 533; x_wconf 88' lang='lat' dir='ltr'>diem</span> <span class='ocrx_word' id='word_1_46' title='bbox 1082 496 1319 533; x_wconf 75' lang='lat' dir='ltr'>indixerant.</span> <span class='ocrx_word' id='word_1_47' title='bbox 1360 496 1471 532; x_wconf 88' lang='lat' dir='ltr'>Haec</span> 
     </span>
     <span class='ocr_line' id='line_1_7' title="bbox 149 555 1512 607; baseline -0.004 -9"><span class='ocrx_word' id='word_1_48' title='bbox 149 561 386 599; x_wconf 85' lang='lat' dir='ltr'>renuntiant</span> <span class='ocrx_word' id='word_1_49' title='bbox 404 560 528 598; x_wconf 85' lang='lat' dir='ltr'>Tullo.</span> <span class='ocrx_word' id='word_1_50' title='bbox 585 560 684 596; x_wconf 89' lang='lat' dir='ltr'>Tum</span> <span class='ocrx_word' id='word_1_51' title='bbox 711 559 852 607; x_wconf 84' lang='lat' dir='ltr'>legatis</span> <span class='ocrx_word' id='word_1_52' title='bbox 880 558 1017 595; x_wconf 84' lang='lat' dir='ltr'>Tullus</span> <span class='ocrx_word' id='word_1_53' title='bbox 1042 558 1193 595; x_wconf 87' lang='lat' dir='ltr'>dicendi</span> <span class='ocrx_word' id='word_1_54' title='bbox 1220 561 1468 607; x_wconf 86' lang='lat' dir='ltr'>potestatem,</span> <span class='ocrx_word' id='word_1_55' title='bbox 1490 555 1512 590; x_wconf 94' lang='lat'><strong>6</strong></span> 
     </span>
     <span class='ocr_line' id='line_1_8' title="bbox 148 619 1469 674; baseline -0.004 -14"><span class='ocrx_word' id='word_1_56' title='bbox 148 623 243 674; x_wconf 88' lang='lat' dir='ltr'>quid</span> <span class='ocrx_word' id='word_1_57' title='bbox 261 626 438 672; x_wconf 84' lang='lat' dir='ltr'>petentes</span> <span class='ocrx_word' id='word_1_58' title='bbox 457 622 650 667; x_wconf 88' lang='lat' dir='ltr'>venerint,</span> <span class='ocrx_word' id='word_1_59' title='bbox 672 620 780 657; x_wconf 78' lang='lat' dir='ltr'>facit.</span> <span class='ocrx_word' id='word_1_60' title='bbox 840 620 906 656; x_wconf 85' lang='lat' dir='ltr'>Illi</span> <span class='ocrx_word' id='word_1_61' title='bbox 935 620 1111 657; x_wconf 89' lang='lat' dir='ltr'>omnium</span> <span class='ocrx_word' id='word_1_62' title='bbox 1139 619 1270 668; x_wconf 82' lang='lat' dir='ltr'>ignari</span> <span class='ocrx_word' id='word_1_63' title='bbox 1297 619 1469 668; x_wconf 88' lang='lat' dir='ltr'>primum</span> 
     </span>
     <span class='ocr_line' id='line_1_9' title="bbox 149 680 1471 735; baseline -0.005 -13"><span class='ocrx_word' id='word_1_64' title='bbox 149 684 354 735; x_wconf 81' lang='lat' dir='ltr'>purgando</span> <span class='ocrx_word' id='word_1_65' title='bbox 372 687 510 721; x_wconf 87' lang='lat' dir='ltr'>terunt</span> <span class='ocrx_word' id='word_1_66' title='bbox 528 686 684 732; x_wconf 87' lang='lat' dir='ltr'>tempus</span> <span class='ocrx_word' id='word_1_67' title='bbox 700 697 708 720; x_wconf 89' lang='lat'>:</span> <span class='ocrx_word' id='word_1_68' title='bbox 738 695 778 719; x_wconf 92' lang='lat' dir='ltr'>se</span> <span class='ocrx_word' id='word_1_69' title='bbox 797 682 942 719; x_wconf 86' lang='lat' dir='ltr'>invitos</span> <span class='ocrx_word' id='word_1_70' title='bbox 969 682 1191 731; x_wconf 83' lang='lat' dir='ltr'>quicquam,</span> <span class='ocrx_word' id='word_1_71' title='bbox 1211 681 1313 731; x_wconf 92' lang='lat' dir='ltr'>quod</span> <span class='ocrx_word' id='word_1_72' title='bbox 1341 680 1471 717; x_wconf 89' lang='lat' dir='ltr'>minus</span> 
     </span>
     <span class='ocr_line' id='line_1_10' title="bbox 148 742 1469 797; baseline -0.005 -13"><span class='ocrx_word' id='word_1_73' title='bbox 148 747 302 797; x_wconf 82' lang='lat' dir='ltr'>placeat</span> <span class='ocrx_word' id='word_1_74' title='bbox 329 746 453 790; x_wconf 91' lang='lat' dir='ltr'>Tullo,</span> <span class='ocrx_word' id='word_1_75' title='bbox 482 745 666 791; x_wconf 71' lang='lat' dir='ltr'>dicturos,</span> <span class='ocrx_word' id='word_1_76' title='bbox 695 743 761 781; x_wconf 89' lang='lat' dir='ltr'>sed</span> <span class='ocrx_word' id='word_1_77' title='bbox 789 743 953 792; x_wconf 90' lang='lat' dir='ltr'>imperio</span> <span class='ocrx_word' id='word_1_78' title='bbox 980 743 1133 793; x_wconf 83' lang='lat' dir='ltr'>subigi:</span> <span class='ocrx_word' id='word_1_79' title='bbox 1168 755 1231 780; x_wconf 87' lang='lat' dir='ltr'>res</span> <span class='ocrx_word' id='word_1_80' title='bbox 1256 742 1469 791; x_wconf 87' lang='lat' dir='ltr'>repetitum</span> 
     </span>
     <span class='ocr_line' id='line_1_11' title="bbox 149 803 1509 855; baseline -0.004 -10"><span class='ocrx_word' id='word_1_81' title='bbox 149 821 190 846; x_wconf 89' lang='lat' dir='ltr'>se</span> <span class='ocrx_word' id='word_1_82' title='bbox 206 808 382 855; x_wconf 79' lang='lat' dir='ltr'>venisse3</span> <span class='ocrx_word' id='word_1_83' title='bbox 410 808 452 844; x_wconf 91' lang='lat' dir='ltr'>ni</span> <span class='ocrx_word' id='word_1_84' title='bbox 471 806 700 852; x_wconf 80' lang='lat' dir='ltr'>reddantur,</span> <span class='ocrx_word' id='word_1_85' title='bbox 722 805 868 842; x_wconf 89' lang='lat' dir='ltr'>bellum</span> <span class='ocrx_word' id='word_1_86' title='bbox 889 804 1061 842; x_wconf 82' lang='lat' dir='ltr'>indicere</span> <span class='ocrx_word' id='word_1_87' title='bbox 1090 804 1222 841; x_wconf 87' lang='lat' dir='ltr'>iussos.</span> <span class='ocrx_word' id='word_1_88' title='bbox 1279 803 1345 840; x_wconf 91' lang='lat' dir='ltr'>Ad</span> <span class='ocrx_word' id='word_1_89' title='bbox 1374 803 1470 840; x_wconf 87' lang='lat' dir='ltr'>haec</span> <span class='ocrx_word' id='word_1_90' title='bbox 1492 810 1509 846; x_wconf 93' lang='lat'><em>7</em></span> 
     </span>
     <span class='ocr_line' id='line_1_12' title="bbox 148 865 1468 916; baseline -0.004 -10"><span class='ocrx_word' id='word_1_91' title='bbox 148 869 286 906; x_wconf 85' lang='lat' dir='ltr'>Tullus</span> <span class='ocrx_word' id='word_1_92' title='bbox 314 871 336 888; x_wconf 88' lang='lat'><strong>“</strong></span> <span class='ocrx_word' id='word_1_93' title='bbox 352 868 536 905; x_wconf 80' lang='lat' dir='ltr'>nuntiate</span> <span class='ocrx_word' id='word_1_94' title='bbox 552 867 569 882; x_wconf 84' lang='lat'>’¹</span> <span class='ocrx_word' id='word_1_95' title='bbox 598 867 729 916; x_wconf 88' lang='lat' dir='ltr'>inquit</span> <span class='ocrx_word' id='word_1_96' title='bbox 759 865 879 915; x_wconf 83' lang='lat' dir='ltr'>“regi</span> <span class='ocrx_word' id='word_1_97' title='bbox 907 869 1050 912; x_wconf 89' lang='lat' dir='ltr'>vestro,</span> <span class='ocrx_word' id='word_1_98' title='bbox 1084 878 1214 915; x_wconf 83' lang='lat' dir='ltr'>regem</span> <span class='ocrx_word' id='word_1_99' title='bbox 1244 865 1468 902; x_wconf 83' lang='lat' dir='ltr'>Romanum</span> 
     </span>
     <span class='ocr_line' id='line_1_13' title="bbox 148 926 1471 977; baseline -0.004 -9"><span class='ocrx_word' id='word_1_100' title='bbox 148 930 237 968; x_wconf 90' lang='lat' dir='ltr'>deos</span> <span class='ocrx_word' id='word_1_101' title='bbox 255 930 384 967; x_wconf 83' lang='lat' dir='ltr'>facere</span> <span class='ocrx_word' id='word_1_102' title='bbox 402 933 534 975; x_wconf 85' lang='lat' dir='ltr'>testes,</span> <span class='ocrx_word' id='word_1_103' title='bbox 554 932 644 965; x_wconf 86' lang='lat' dir='ltr'>uter</span> <span class='ocrx_word' id='word_1_104' title='bbox 664 928 774 977; x_wconf 89' lang='lat' dir='ltr'>prius</span> <span class='ocrx_word' id='word_1_105' title='bbox 792 927 958 977; x_wconf 85' lang='lat' dir='ltr'>populus</span> <span class='ocrx_word' id='word_1_106' title='bbox 985 940 1047 964; x_wconf 80' lang='lat' dir='ltr'>res</span> <span class='ocrx_word' id='word_1_107' title='bbox 1075 930 1298 976; x_wconf 86' lang='lat' dir='ltr'>repetentes</span> <span class='ocrx_word' id='word_1_108' title='bbox 1325 926 1471 975; x_wconf 75' lang='lat' dir='ltr'>legatos</span> 
     </span>
     <span class='ocr_line' id='line_1_14' title="bbox 148 988 1469 1042; baseline -0.004 -13"><span class='ocrx_word' id='word_1_109' title='bbox 148 995 382 1042; x_wconf 82' lang='lat' dir='ltr'>aspernatus</span> <span class='ocrx_word' id='word_1_110' title='bbox 415 989 617 1036; x_wconf 85' lang='lat' dir='ltr'>dimiserit,</span> <span class='ocrx_word' id='word_1_111' title='bbox 650 992 697 1025; x_wconf 81' lang='lat' dir='ltr'>ut</span> <span class='ocrx_word' id='word_1_112' title='bbox 728 989 769 1025; x_wconf 92' lang='lat' dir='ltr'>in</span> <span class='ocrx_word' id='word_1_113' title='bbox 803 1001 892 1025; x_wconf 88' lang='lat' dir='ltr'>eum</span> <span class='ocrx_word' id='word_1_114' title='bbox 925 1001 1059 1025; x_wconf 87' lang='lat' dir='ltr'>omnes</span> <span class='ocrx_word' id='word_1_115' title='bbox 1092 992 1281 1037; x_wconf 85' lang='lat' dir='ltr'>expetant</span> <span class='ocrx_word' id='word_1_116' title='bbox 1309 988 1469 1024; x_wconf 82' lang='lat' dir='ltr'>huiusce</span> 
     </span>
     <span class='ocr_line' id='line_1_15' title="bbox 148 1052 419 1092; baseline -0.007 -1"><span class='ocrx_word' id='word_1_117' title='bbox 148 1054 277 1092; x_wconf 84' lang='lat' dir='ltr'>clades</span> <span class='ocrx_word' id='word_1_118' title='bbox 294 1052 419 1091; x_wconf 88' lang='lat' dir='ltr'>belli.&#39;&#39;</span> 
     </span>
    </p>
   </div>
   <div class='ocr_carea' id='block_1_3' title="bbox 147 1172 1513 2331">
    <p class='ocr_par' dir='ltr' id='par_1_3' title="bbox 147 1172 1509 1643">
     <span class='ocr_line' id='line_1_16' title="bbox 201 1172 1505 1214; baseline -0.004 0"><span class='ocrx_word' id='word_1_119' title='bbox 201 1176 371 1214; x_wconf 91' lang='lat' dir='ltr'>XXIII.</span> <span class='ocrx_word' id='word_1_120' title='bbox 394 1175 505 1212; x_wconf 83' lang='lat' dir='ltr'>Haec</span> <span class='ocrx_word' id='word_1_121' title='bbox 519 1173 713 1211; x_wconf 89' lang='lat' dir='ltr'>nuntiant</span> <span class='ocrx_word' id='word_1_122' title='bbox 731 1173 889 1209; x_wconf 89' lang='lat' dir='ltr'>domum</span> <span class='ocrx_word' id='word_1_123' title='bbox 902 1172 1061 1210; x_wconf 79' lang='lat' dir='ltr'>Albani.</span> <span class='ocrx_word' id='word_1_124' title='bbox 1105 1173 1159 1209; x_wconf 88' lang='lat' dir='ltr'>Et</span> <span class='ocrx_word' id='word_1_125' title='bbox 1174 1173 1320 1209; x_wconf 89' lang='lat' dir='ltr'>bellum</span> <span class='ocrx_word' id='word_1_126' title='bbox 1333 1173 1471 1209; x_wconf 91' lang='lat' dir='ltr'>utrim-</span> <span class='ocrx_word' id='word_1_127' title='bbox 1494 1186 1505 1209; x_wconf 92' lang='lat'>1</span> 
     </span>
     <span class='ocr_line' id='line_1_17' title="bbox 148 1233 1470 1287; baseline -0.003 -13"><span class='ocrx_word' id='word_1_128' title='bbox 148 1250 224 1287; x_wconf 91' lang='lat' dir='ltr'>que</span> <span class='ocrx_word' id='word_1_129' title='bbox 255 1249 409 1274; x_wconf 80' lang='lat' dir='ltr'>summa</span> <span class='ocrx_word' id='word_1_130' title='bbox 436 1248 507 1284; x_wconf 90' lang='lat' dir='ltr'>ope</span> <span class='ocrx_word' id='word_1_131' title='bbox 535 1234 767 1284; x_wconf 79' lang='lat' dir='ltr'>parabatur,</span> <span class='ocrx_word' id='word_1_132' title='bbox 798 1233 903 1269; x_wconf 85' lang='lat' dir='ltr'>civili</span> <span class='ocrx_word' id='word_1_133' title='bbox 936 1233 1178 1270; x_wconf 82' lang='lat' dir='ltr'>simillimum</span> <span class='ocrx_word' id='word_1_134' title='bbox 1209 1234 1321 1280; x_wconf 88' lang='lat' dir='ltr'>bello⁷</span> <span class='ocrx_word' id='word_1_135' title='bbox 1351 1246 1470 1283; x_wconf 88' lang='lat' dir='ltr'>prope</span> 
     </span>
     <span class='ocr_line' id='line_1_18' title="bbox 148 1296 1469 1348; baseline -0.004 -12"><span class='ocrx_word' id='word_1_136' title='bbox 148 1301 253 1336; x_wconf 90' lang='lat' dir='ltr'>inter</span> <span class='ocrx_word' id='word_1_137' title='bbox 276 1301 462 1348; x_wconf 88' lang='lat' dir='ltr'>parentes</span> <span class='ocrx_word' id='word_1_138' title='bbox 489 1301 693 1345; x_wconf 83' lang='lat' dir='ltr'>natosque,</span> <span class='ocrx_word' id='word_1_139' title='bbox 714 1296 925 1332; x_wconf 81' lang='lat' dir='ltr'>Troianam</span> <span class='ocrx_word' id='word_1_140' title='bbox 955 1300 1165 1344; x_wconf 85' lang='lat' dir='ltr'>utramque</span> <span class='ocrx_word' id='word_1_141' title='bbox 1193 1296 1353 1345; x_wconf 88' lang='lat' dir='ltr'>prolem,</span> <span class='ocrx_word' id='word_1_142' title='bbox 1382 1309 1469 1333; x_wconf 90' lang='lat' dir='ltr'>cum</span> 
     </span>
     <span class='ocr_line' id='line_1_19' title="bbox 149 1357 1470 1406; baseline -0.002 -9"><span class='ocrx_word' id='word_1_143' title='bbox 149 1360 360 1397; x_wconf 79' lang='lat' dir='ltr'>Lavinium</span> <span class='ocrx_word' id='word_1_144' title='bbox 388 1359 439 1396; x_wconf 84' lang='lat' dir='ltr'>ab</span> <span class='ocrx_word' id='word_1_145' title='bbox 465 1358 594 1403; x_wconf 82' lang='lat' dir='ltr'>Troia,</span> <span class='ocrx_word' id='word_1_146' title='bbox 615 1357 666 1394; x_wconf 84' lang='lat' dir='ltr'>ab</span> <span class='ocrx_word' id='word_1_147' title='bbox 685 1357 851 1394; x_wconf 84' lang='lat' dir='ltr'>Lavinio</span> <span class='ocrx_word' id='word_1_148' title='bbox 869 1357 989 1403; x_wconf 82' lang='lat' dir='ltr'>Alba,</span> <span class='ocrx_word' id='word_1_149' title='bbox 1009 1357 1058 1393; x_wconf 82' lang='lat' dir='ltr'>ab</span> <span class='ocrx_word' id='word_1_150' title='bbox 1079 1357 1329 1393; x_wconf 76' lang='lat' dir='ltr'>Albanorum</span> <span class='ocrx_word' id='word_1_151' title='bbox 1349 1358 1470 1406; x_wconf 87' lang='lat' dir='ltr'>stirpe</span> 
     </span>
     <span class='ocr_line' id='line_1_20' title="bbox 149 1419 1509 1471; baseline -0.002 -13"><span class='ocrx_word' id='word_1_152' title='bbox 149 1434 285 1471; x_wconf 88' lang='lat' dir='ltr'>regum</span> <span class='ocrx_word' id='word_1_153' title='bbox 303 1420 460 1458; x_wconf 91' lang='lat' dir='ltr'>oriundi</span> <span class='ocrx_word' id='word_1_154' title='bbox 479 1420 650 1457; x_wconf 80' lang='lat' dir='ltr'>Romani</span> <span class='ocrx_word' id='word_1_155' title='bbox 669 1423 811 1456; x_wconf 84' lang='lat' dir='ltr'>essent.</span> <span class='ocrx_word' id='word_1_156' title='bbox 870 1419 1048 1455; x_wconf 87' lang='lat' dir='ltr'>Eventus</span> <span class='ocrx_word' id='word_1_157' title='bbox 1075 1423 1211 1455; x_wconf 82' lang='lat' dir='ltr'>tamen</span> <span class='ocrx_word' id='word_1_158' title='bbox 1232 1419 1321 1456; x_wconf 87' lang='lat' dir='ltr'>belli</span> <span class='ocrx_word' id='word_1_159' title='bbox 1341 1419 1472 1456; x_wconf 88' lang='lat' dir='ltr'>minus</span> <span class='ocrx_word' id='word_1_160' title='bbox 1491 1434 1509 1456; x_wconf 87' lang='lat'><strong>2</strong></span> 
     </span>
     <span class='ocr_line' id='line_1_21' title="bbox 149 1480 1470 1529; baseline -0.002 -9"><span class='ocrx_word' id='word_1_161' title='bbox 149 1482 408 1520; x_wconf 79' lang='lat' dir='ltr'>miserabilem</span> <span class='ocrx_word' id='word_1_162' title='bbox 428 1481 718 1518; x_wconf 81' lang='lat' dir='ltr'>dimicationem</span> <span class='ocrx_word' id='word_1_163' title='bbox 739 1480 844 1526; x_wconf 87' lang='lat' dir='ltr'>fecit,</span> <span class='ocrx_word' id='word_1_164' title='bbox 865 1480 967 1529; x_wconf 92' lang='lat' dir='ltr'>quod</span> <span class='ocrx_word' id='word_1_165' title='bbox 987 1493 1057 1517; x_wconf 88' lang='lat' dir='ltr'>nec</span> <span class='ocrx_word' id='word_1_166' title='bbox 1075 1481 1156 1517; x_wconf 84' lang='lat' dir='ltr'>acie</span> <span class='ocrx_word' id='word_1_167' title='bbox 1174 1484 1370 1517; x_wconf 82' lang='lat' dir='ltr'>certatum</span> <span class='ocrx_word' id='word_1_168' title='bbox 1399 1483 1470 1527; x_wconf 88' lang='lat' dir='ltr'>est,</span> 
     </span>
     <span class='ocr_line' id='line_1_22' title="bbox 148 1541 1469 1591; baseline -0.003 -10"><span class='ocrx_word' id='word_1_169' title='bbox 148 1547 189 1581; x_wconf 90' lang='lat' dir='ltr'>et</span> <span class='ocrx_word' id='word_1_170' title='bbox 215 1543 329 1581; x_wconf 89' lang='lat' dir='ltr'>tectis</span> <span class='ocrx_word' id='word_1_171' title='bbox 355 1543 469 1580; x_wconf 88' lang='lat' dir='ltr'>modo</span> <span class='ocrx_word' id='word_1_172' title='bbox 505 1542 646 1579; x_wconf 86' lang='lat' dir='ltr'>dirutis</span> <span class='ocrx_word' id='word_1_173' title='bbox 674 1541 840 1578; x_wconf 84' lang='lat' dir='ltr'>alterius</span> <span class='ocrx_word' id='word_1_174' title='bbox 873 1541 981 1578; x_wconf 88' lang='lat' dir='ltr'>urbis</span> <span class='ocrx_word' id='word_1_175' title='bbox 1011 1541 1087 1578; x_wconf 90' lang='lat' dir='ltr'>duo</span> <span class='ocrx_word' id='word_1_176' title='bbox 1114 1541 1248 1591; x_wconf 87' lang='lat' dir='ltr'>populi</span> <span class='ocrx_word' id='word_1_177' title='bbox 1276 1541 1317 1577; x_wconf 89' lang='lat' dir='ltr'>in</span> <span class='ocrx_word' id='word_1_178' title='bbox 1345 1554 1469 1578; x_wconf 87' lang='lat' dir='ltr'>unum</span> 
     </span>
     <span class='ocr_line' id='line_1_23' title="bbox 147 1606 424 1643; baseline -0.007 0"><span class='ocrx_word' id='word_1_179' title='bbox 147 1606 299 1643; x_wconf 83' lang='lat' dir='ltr'>confusi</span> <span class='ocrx_word' id='word_1_180' title='bbox 319 1609 424 1642; x_wconf 92' lang='lat' dir='ltr'>sunt.</span> 
     </span>
    </p>

    <p class='ocr_par' dir='ltr' id='par_1_4' title="bbox 149 1663 1513 2331">
     <span class='ocr_line' id='line_1_24' title="bbox 201 1663 1510 1715; baseline -0.002 -12"><span class='ocrx_word' id='word_1_181' title='bbox 201 1666 352 1703; x_wconf 73' lang='lat' dir='ltr'>Albani</span> <span class='ocrx_word' id='word_1_182' title='bbox 370 1665 517 1715; x_wconf 89' lang='lat' dir='ltr'>priores</span> <span class='ocrx_word' id='word_1_183' title='bbox 536 1664 689 1714; x_wconf 86' lang='lat' dir='ltr'>ingenti</span> <span class='ocrx_word' id='word_1_184' title='bbox 707 1664 882 1701; x_wconf 83' lang='lat' dir='ltr'>exercitu</span> <span class='ocrx_word' id='word_1_185' title='bbox 902 1664 942 1700; x_wconf 91' lang='lat' dir='ltr'>in</span> <span class='ocrx_word' id='word_1_186' title='bbox 957 1677 1098 1713; x_wconf 82' lang='lat' dir='ltr'>agrum</span> <span class='ocrx_word' id='word_1_187' title='bbox 1114 1663 1338 1700; x_wconf 82' lang='lat' dir='ltr'>Romanum</span> <span class='ocrx_word' id='word_1_188' title='bbox 1354 1664 1471 1714; x_wconf 86' lang='lat' dir='ltr'>impe·</span> <span class='ocrx_word' id='word_1_189' title='bbox 1489 1678 1510 1713; x_wconf 85' lang='lat'><em>3</em></span> 
     </span>
     <span class='ocr_line' id='line_1_25' title="bbox 149 1725 1471 1775; baseline -0.002 -11"><span class='ocrx_word' id='word_1_190' title='bbox 149 1732 235 1764; x_wconf 89' lang='lat' dir='ltr'>tum</span> <span class='ocrx_word' id='word_1_191' title='bbox 254 1727 390 1764; x_wconf 87' lang='lat' dir='ltr'>fecere.</span> <span class='ocrx_word' id='word_1_192' title='bbox 447 1727 587 1764; x_wconf 75' lang='lat' dir='ltr'>Castra</span> <span class='ocrx_word' id='word_1_193' title='bbox 606 1727 656 1763; x_wconf 85' lang='lat' dir='ltr'>ab</span> <span class='ocrx_word' id='word_1_194' title='bbox 675 1726 771 1763; x_wconf 92' lang='lat' dir='ltr'>urbe</span> <span class='ocrx_word' id='word_1_195' title='bbox 799 1725 907 1762; x_wconf 84' lang='lat' dir='ltr'>haud</span> <span class='ocrx_word' id='word_1_196' title='bbox 934 1725 1023 1775; x_wconf 89' lang='lat' dir='ltr'>plus</span> <span class='ocrx_word' id='word_1_197' title='bbox 1050 1725 1224 1774; x_wconf 90' lang='lat' dir='ltr'>quinque</span> <span class='ocrx_word' id='word_1_198' title='bbox 1251 1725 1360 1762; x_wconf 86' lang='lat' dir='ltr'>milia</span> <span class='ocrx_word' id='word_1_199' title='bbox 1387 1737 1471 1774; x_wconf 82' lang='lat' dir='ltr'>pas-</span> 
     </span>
     <span class='ocr_line' id='line_1_26' title="bbox 149 1786 1471 1834; baseline -0.003 -8"><span class='ocrx_word' id='word_1_200' title='bbox 149 1803 235 1826; x_wconf 85' lang='lat' dir='ltr'>sum</span> <span class='ocrx_word' id='word_1_201' title='bbox 254 1789 396 1834; x_wconf 89' lang='lat' dir='ltr'>locant,</span> <span class='ocrx_word' id='word_1_202' title='bbox 417 1788 521 1825; x_wconf 84' lang='lat' dir='ltr'>fossa</span> <span class='ocrx_word' id='word_1_203' title='bbox 540 1787 804 1824; x_wconf 79' lang='lat' dir='ltr'>circumdant:</span> <span class='ocrx_word' id='word_1_204' title='bbox 833 1786 937 1823; x_wconf 79' lang='lat' dir='ltr'>fossa</span> <span class='ocrx_word' id='word_1_205' title='bbox 957 1786 1099 1823; x_wconf 77' lang='lat' dir='ltr'>Cluilia</span> <span class='ocrx_word' id='word_1_206' title='bbox 1118 1787 1169 1823; x_wconf 84' lang='lat' dir='ltr'>ab</span> <span class='ocrx_word' id='word_1_207' title='bbox 1187 1787 1344 1823; x_wconf 90' lang='lat' dir='ltr'>nomine</span> <span class='ocrx_word' id='word_1_208' title='bbox 1363 1786 1471 1823; x_wconf 85' lang='lat' dir='ltr'>ducis</span> 
     </span>
     <span class='ocr_line' id='line_1_27' title="bbox 149 1848 1471 1901; baseline -0.003 -13"><span class='ocrx_word' id='word_1_209' title='bbox 149 1864 218 1901; x_wconf 91' lang='lat' dir='ltr'>per</span> <span class='ocrx_word' id='word_1_210' title='bbox 239 1851 392 1900; x_wconf 83' lang='lat' dir='ltr'>aliquot</span> <span class='ocrx_word' id='word_1_211' title='bbox 410 1850 568 1887; x_wconf 82' lang='lat' dir='ltr'>saecula</span> <span class='ocrx_word' id='word_1_212' title='bbox 588 1849 789 1899; x_wconf 81' lang='lat' dir='ltr'>appellata</span> <span class='ocrx_word' id='word_1_213' title='bbox 809 1852 882 1895; x_wconf 88' lang='lat' dir='ltr'>est,</span> <span class='ocrx_word' id='word_1_214' title='bbox 904 1848 1024 1885; x_wconf 85' lang='lat' dir='ltr'>donec</span> <span class='ocrx_word' id='word_1_215' title='bbox 1043 1861 1130 1885; x_wconf 89' lang='lat' dir='ltr'>cum</span> <span class='ocrx_word' id='word_1_216' title='bbox 1150 1861 1192 1885; x_wconf 92' lang='lat' dir='ltr'>re</span> <span class='ocrx_word' id='word_1_217' title='bbox 1211 1861 1351 1885; x_wconf 88' lang='lat' dir='ltr'>nomen</span> <span class='ocrx_word' id='word_1_218' title='bbox 1380 1860 1471 1897; x_wconf 92' lang='lat' dir='ltr'>quo-</span> 
     </span>
     <span class='ocr_line' id='line_1_28' title="bbox 149 1909 1511 1962; baseline -0.003 -13"><span class='ocrx_word' id='word_1_219' title='bbox 149 1925 225 1962; x_wconf 89' lang='lat' dir='ltr'>que</span> <span class='ocrx_word' id='word_1_220' title='bbox 261 1915 459 1949; x_wconf 83' lang='lat' dir='ltr'>vetustate</span> <span class='ocrx_word' id='word_1_221' title='bbox 495 1911 678 1948; x_wconf 83' lang='lat' dir='ltr'>abolevit.</span> <span class='ocrx_word' id='word_1_222' title='bbox 735 1910 785 1946; x_wconf 91' lang='lat' dir='ltr'>In</span> <span class='ocrx_word' id='word_1_223' title='bbox 822 1909 883 1946; x_wconf 90' lang='lat' dir='ltr'>his</span> <span class='ocrx_word' id='word_1_224' title='bbox 920 1909 1059 1946; x_wconf 72' lang='lat' dir='ltr'>castris</span> <span class='ocrx_word' id='word_1_225' title='bbox 1095 1909 1261 1947; x_wconf 81' lang='lat' dir='ltr'>Cluilius</span> <span class='ocrx_word' id='word_1_226' title='bbox 1290 1909 1471 1946; x_wconf 81' lang='lat' dir='ltr'>Albanus</span> <span class='ocrx_word' id='word_1_227' title='bbox 1490 1923 1511 1955; x_wconf 86' lang='lat'>4</span> 
     </span>
     <span class='ocr_line' id='line_1_29' title="bbox 149 1971 1469 2020; baseline -0.003 -9"><span class='ocrx_word' id='word_1_228' title='bbox 149 1987 219 2011; x_wconf 85' lang='lat' dir='ltr'>rex</span> <span class='ocrx_word' id='word_1_229' title='bbox 236 1973 404 2010; x_wconf 88' lang='lat' dir='ltr'>moritur</span> <span class='ocrx_word' id='word_1_230' title='bbox 412 1986 422 2020; x_wconf 89' lang='lat'>;</span> <span class='ocrx_word' id='word_1_231' title='bbox 450 1973 685 2009; x_wconf 83' lang='lat' dir='ltr'>dictatorem</span> <span class='ocrx_word' id='word_1_232' title='bbox 705 1972 852 2008; x_wconf 81' lang='lat' dir='ltr'>Albani</span> <span class='ocrx_word' id='word_1_233' title='bbox 881 1971 1072 2008; x_wconf 87' lang='lat' dir='ltr'>Mettium</span> <span class='ocrx_word' id='word_1_234' title='bbox 1102 1971 1303 2007; x_wconf 87' lang='lat' dir='ltr'>Fufetium</span> <span class='ocrx_word' id='word_1_235' title='bbox 1322 1974 1469 2008; x_wconf 81' lang='lat' dir='ltr'>creant.</span> 
     </span>
     <span class='ocr_line' id='line_1_30' title="bbox 150 2032 1472 2082; baseline -0.003 -10"><span class='ocrx_word' id='word_1_236' title='bbox 150 2036 319 2073; x_wconf 89' lang='lat' dir='ltr'>Interim</span> <span class='ocrx_word' id='word_1_237' title='bbox 348 2034 485 2072; x_wconf 90' lang='lat' dir='ltr'>Tullus</span> <span class='ocrx_word' id='word_1_238' title='bbox 516 2033 627 2071; x_wconf 81' lang='lat' dir='ltr'>ferox</span> <span class='ocrx_word' id='word_1_239' title='bbox 659 2033 867 2082; x_wconf 82' lang='lat' dir='ltr'>praecipue</span> <span class='ocrx_word' id='word_1_240' title='bbox 898 2036 1025 2069; x_wconf 90' lang='lat' dir='ltr'>morte</span> <span class='ocrx_word' id='word_1_241' title='bbox 1057 2032 1171 2082; x_wconf 85' lang='lat' dir='ltr'>regis,</span> <span class='ocrx_word' id='word_1_242' title='bbox 1205 2044 1472 2082; x_wconf 85' lang='lat' dir='ltr'>magnumque</span> 
     </span>
     <span class='ocr_line' id='line_1_31' title="bbox 150 2094 1471 2144; baseline -0.002 -11"><span class='ocrx_word' id='word_1_243' title='bbox 150 2097 311 2134; x_wconf 89' lang='lat' dir='ltr'>deorum</span> <span class='ocrx_word' id='word_1_244' title='bbox 347 2109 507 2143; x_wconf 90' lang='lat' dir='ltr'>numen,</span> <span class='ocrx_word' id='word_1_245' title='bbox 548 2096 598 2133; x_wconf 86' lang='lat' dir='ltr'>ab</span> <span class='ocrx_word' id='word_1_246' title='bbox 636 2096 718 2144; x_wconf 80' lang='lat' dir='ltr'>ipso</span> <span class='ocrx_word' id='word_1_247' title='bbox 751 2094 880 2144; x_wconf 85' lang='lat' dir='ltr'>capite</span> <span class='ocrx_word' id='word_1_248' title='bbox 917 2107 1061 2140; x_wconf 86' lang='lat' dir='ltr'>orsum,</span> <span class='ocrx_word' id='word_1_249' title='bbox 1099 2095 1142 2130; x_wconf 91' lang='lat' dir='ltr'>in</span> <span class='ocrx_word' id='word_1_250' title='bbox 1178 2106 1293 2131; x_wconf 90' lang='lat' dir='ltr'>omne</span> <span class='ocrx_word' id='word_1_251' title='bbox 1329 2106 1471 2130; x_wconf 90' lang='lat' dir='ltr'>nomen</span> 
     </span>
     <span class='ocr_line' id='line_1_32' title="bbox 149 2155 1469 2206; baseline -0.004 -11"><span class='ocrx_word' id='word_1_252' title='bbox 149 2158 351 2196; x_wconf 80' lang='lat' dir='ltr'>Albanum</span> <span class='ocrx_word' id='word_1_253' title='bbox 370 2157 639 2206; x_wconf 85' lang='lat' dir='ltr'>expetiturum</span> <span class='ocrx_word' id='word_1_254' title='bbox 667 2168 812 2205; x_wconf 83' lang='lat' dir='ltr'>poenas</span> <span class='ocrx_word' id='word_1_255' title='bbox 839 2156 888 2192; x_wconf 94' lang='lat' dir='ltr'>ob</span> <span class='ocrx_word' id='word_1_256' title='bbox 916 2155 1062 2192; x_wconf 88' lang='lat' dir='ltr'>bellum</span> <span class='ocrx_word' id='word_1_257' title='bbox 1090 2155 1242 2204; x_wconf 89' lang='lat' dir='ltr'>inpium</span> <span class='ocrx_word' id='word_1_258' title='bbox 1271 2155 1469 2201; x_wconf 76' lang='lat' dir='ltr'>dictitans,</span> 
     </span>
     <span class='ocr_line' id='line_1_33' title="bbox 150 2217 1470 2268; baseline -0.003 -11"><span class='ocrx_word' id='word_1_259' title='bbox 150 2223 264 2257; x_wconf 70' lang='lat' dir='ltr'>nocte</span> <span class='ocrx_word' id='word_1_260' title='bbox 281 2218 509 2268; x_wconf 83' lang='lat' dir='ltr'>praeteritis</span> <span class='ocrx_word' id='word_1_261' title='bbox 527 2218 697 2255; x_wconf 86' lang='lat' dir='ltr'>hostium</span> <span class='ocrx_word' id='word_1_262' title='bbox 718 2218 858 2255; x_wconf 83' lang='lat' dir='ltr'>castris</span> <span class='ocrx_word' id='word_1_263' title='bbox 884 2217 1029 2254; x_wconf 86' lang='lat' dir='ltr'>infesto</span> <span class='ocrx_word' id='word_1_264' title='bbox 1057 2217 1232 2254; x_wconf 80' lang='lat' dir='ltr'>exercitu</span> <span class='ocrx_word' id='word_1_265' title='bbox 1259 2217 1302 2253; x_wconf 90' lang='lat' dir='ltr'>in</span> <span class='ocrx_word' id='word_1_266' title='bbox 1330 2230 1470 2266; x_wconf 84' lang='lat' dir='ltr'>agrum</span> 
     </span>
     <span class='ocr_line' id='line_1_34' title="bbox 150 2278 1513 2331; baseline -0.003 -14"><span class='ocrx_word' id='word_1_267' title='bbox 150 2280 352 2318; x_wconf 84' lang='lat' dir='ltr'>Albanum</span> <span class='ocrx_word' id='word_1_268' title='bbox 390 2280 530 2329; x_wconf 86' lang='lat' dir='ltr'>pergit.</span> <span class='ocrx_word' id='word_1_269' title='bbox 606 2280 666 2316; x_wconf 86' lang='lat' dir='ltr'>Ea</span> <span class='ocrx_word' id='word_1_270' title='bbox 709 2291 770 2316; x_wconf 88' lang='lat' dir='ltr'>res</span> <span class='ocrx_word' id='word_1_271' title='bbox 807 2279 857 2316; x_wconf 86' lang='lat' dir='ltr'>ab</span> <span class='ocrx_word' id='word_1_272' title='bbox 894 2279 1050 2315; x_wconf 86' lang='lat' dir='ltr'>stativis</span> <span class='ocrx_word' id='word_1_273' title='bbox 1086 2279 1230 2315; x_wconf 84' lang='lat' dir='ltr'>excivit</span> <span class='ocrx_word' id='word_1_274' title='bbox 1267 2278 1468 2314; x_wconf 85' lang='lat' dir='ltr'>Mettium.</span> <span class='ocrx_word' id='word_1_275' title='bbox 1494 2293 1513 2331; x_wconf 84' lang='lat'>5</span> 
     </span>
    </p>
   </div>
  </div>
 </body>
</html>
