1674 2506
194 125 242 161 66
786 137 875 162 ler
906 137 931 161 1.

193 227 242 264 ad
282 227 553 264 centuriarum
601 227 918 266 distributionem
968 241 1255 278 numerumque
1304 229 1512 278 quicquam

193 290 429 338 pertinuere.

155 387 170 411 1
246 375 402 411 XLIV.
434 375 561 411 Oensu
582 375 766 424 perfecto,
787 388 904 424 quem
930 380 1205 413 maturaverat
1225 380 1333 413 metu
1353 376 1450 425 legis
1468 377 1515 413 de

192 437 359 472 incensis
386 436 492 473 latae
517 449 605 472 cum
631 437 877 474 vinculorum
905 438 1022 474 minis
1049 438 1275 486 mortisque,
1296 438 1439 475 edixit:
1468 442 1514 475 ut

191 510 324 534 omnes
356 498 457 534 cives
491 498 672 543 Romani,
705 499 855 546 equites
891 499 1128 548 peditesque,
1167 499 1208 534 in
1241 500 1319 536 suis
1352 500 1515 549 quisque

153 573 171 596 2
191 558 379 595 centuriis
411 559 453 595 in
485 572 619 608 campo
652 559 802 596 Martio
835 560 963 608 prima
992 559 1077 596 luce
1109 560 1300 597 adessent.
1358 561 1422 598 Ibi
1453 561 1513 597 in-

191 623 386 656 structum
407 620 622 656 exercitum
641 633 796 657 omnem
824 621 1154 657 suovetaurilibus
1180 621 1377 667 lustravit,
1398 622 1515 671 idque

192 681 392 717 conditum
416 681 587 717 lustrum
612 682 865 731 appellatum,
886 682 979 730 quia
1002 682 1034 718 is
1059 682 1248 719 censendo
1268 683 1356 720 finis
1384 683 1515 720 factus

192 745 261 778 est.
311 741 425 778 Milia
446 742 609 778 LXXX
627 755 671 779 eo
689 743 814 780 lustro
833 743 979 779 civium
1000 755 1115 780 censa
1135 744 1333 780 dicuntur.
1379 743 1515 781 Adicit

192 801 425 851 scriptorum
458 802 754 851 antiquissimus
783 804 927 840 Fabius
964 804 1096 840 Pictor
1128 817 1274 851 eorum,
1303 805 1372 854 qui
1403 818 1515 842 arma

192 862 294 899 ferre
313 866 482 912 possent,
503 876 592 900 eum
612 877 821 901 numerum
841 863 970 902 fuisse.

151 943 172 979 3
245 923 310 959 Ad
347 936 434 960 eam
472 925 768 962 multitudinem
808 926 902 962 urbs
934 938 1087 975 quoque
1120 926 1397 975 amplificanda
1432 927 1515 964 visa

192 988 261 1021 est.
318 984 443 1021 Addit
476 985 572 1022 duos
604 986 729 1032 colles,
767 987 1012 1030 Quirinalem
1044 987 1387 1036 Viminalemque3
1424 988 1515 1025 inde

192 1045 371 1095 deinceps
390 1050 511 1095 auget
531 1046 739 1096 Esquilias,
760 1048 891 1097 ibique
917 1048 1009 1096 ipse,
1029 1052 1074 1085 ut
1094 1049 1175 1086 loco
1198 1049 1370 1098 dignitas
1389 1049 1512 1096 fieret,
1546 1044 1549 1048 ’

191 1107 360 1144 habitat.
416 1108 574 1157 Aggere
606 1113 646 1145 et
674 1109 785 1146 fossis
812 1114 853 1146 et
880 1123 993 1146 muro
1020 1110 1237 1147 circumdat
1265 1110 1427 1149 urbem:
1456 1110 1514 1147 ita

151 1187 175 1220 4
191 1169 407 1218 pomerium
436 1169 599 1218 profert.
658 1170 895 1217 Pomerium,
916 1172 1025 1208 verbi
1050 1172 1129 1208 vim
1149 1172 1272 1209 solam
1299 1173 1511 1218 intuentes,

192 1230 470 1279 postmoerium
503 1231 822 1280 interpretantur
849 1245 954 1269 esse:
993 1236 1052 1269 est
1080 1236 1212 1270 autem
1243 1233 1369 1282 magis
1395 1233 1515 1270 circa-

192 1292 393 1338 moerinm,
409 1291 525 1338 locus,
541 1305 656 1341 quem
671 1292 713 1328 in
727 1293 937 1329 condendis
951 1294 1114 1330 urbibus
1132 1294 1327 1343 quondam
1345 1295 1513 1342 Etrusci,

192 1366 271 1402 qua
300 1366 457 1389 murum
482 1353 639 1390 ducturi
657 1358 784 1401 erant,
805 1355 919 1391 certis
947 1355 1050 1391 circa
1078 1356 1258 1392 terminis
1276 1356 1514 1405 inaugurato

192 1415 483 1461 consecrabant,
504 1418 550 1450 ut
580 1427 706 1463 neque
737 1415 923 1453 interiore
954 1420 1068 1465 parte
1104 1416 1278 1453 aedificia
1311 1417 1514 1454 moenibus

192 1476 531 1521 continuarentur,
559 1489 660 1525 quae
688 1489 793 1514 nunc
817 1477 932 1526 vulgo
955 1479 1075 1514 etiam
1099 1478 1356 1527 coniungunt,
1382 1482 1423 1515 et
1450 1491 1513 1515 ex-

192 1537 383 1573 trinsecus
410 1536 500 1586 puri
528 1536 675 1585 aliquid
695 1538 745 1574 ab
770 1537 945 1575 humano
970 1538 1079 1575 cultu
1102 1542 1256 1588 pateret
1288 1539 1368 1576 soli.
1427 1540 1513 1576 Hoc

192 1599 376 1648 spatium,
410 1598 510 1647 quod
544 1611 671 1648 neque
703 1599 876 1636 habitari
912 1613 1038 1649 neque
1074 1601 1182 1637 arari
1209 1600 1269 1637 fas
1305 1604 1404 1648 erat,
1433 1614 1512 1638 non

193 1661 316 1709 magis
343 1660 444 1709 quod
472 1664 560 1708 post
587 1673 745 1697 murum
773 1665 886 1707 esset,
906 1674 1025 1710 quam
1054 1661 1156 1710 quod
1183 1674 1321 1698 murus
1345 1666 1433 1711 post
1459 1662 1511 1709 id,

192 1720 409 1769 pomerium
430 1721 600 1757 Romani
619 1722 881 1770 appellarunt,
911 1727 951 1758 et
970 1723 1011 1758 in
1031 1723 1139 1759 urbis
1157 1722 1398 1760 incremento
1417 1736 1511 1760 sem-

192 1795 271 1831 per,
292 1786 487 1830 quantum
513 1784 666 1819 moenia
693 1795 920 1831 processura
947 1787 1074 1830 erant,
1094 1787 1255 1820 tantum
1282 1785 1443 1821 termini
1470 1785 1511 1820 hi

192 1843 408 1879 consecrati
427 1842 632 1891 profereba
661 1847 738 1880 tur.

156 1946 170 1970 1
244 1930 373 1967 XLV.
403 1931 536 1966 Aucta
561 1930 721 1968 civitate
744 1931 1018 1980 magnitudine
1042 1932 1161 1978 urbis,
1182 1931 1363 1969 formatis
1390 1933 1512 1969 omni-

192 1992 264 2028 bus
282 1991 386 2028 domi
405 1996 445 2028 et
464 1992 513 2028 ad
533 1991 623 2028 belli
643 1996 683 2028 et
711 1992 761 2028 ad
780 1993 886 2041 pacis
914 2005 1018 2039 usus,
1038 2005 1087 2029 ne
1106 2005 1257 2042 semper
1281 1993 1402 2030 armis
1421 2006 1511 2043 opes

191 2052 501 2102 acquirerentur,
530 2053 687 2088 consilio
712 2065 854 2101 augere
879 2053 1085 2102 imperium
1114 2058 1279 2091 conatus
1304 2058 1373 2099 est,
1394 2055 1510 2092 simul

153 2128 171 2152 2
191 2117 231 2150 et
246 2113 405 2161 aliquod
420 2113 562 2150 addere
577 2114 664 2150 urbi
677 2114 802 2151 decus.
851 2114 939 2150 Iam
955 2118 1041 2151 tum
1054 2119 1140 2151 erat
1155 2115 1335 2152 inclitum
1356 2116 1510 2154 Dianae

193 2175 384 2224 Ephesiae
402 2174 552 2212 fanum.
602 2175 650 2212 Id
669 2175 930 2212 communiter
944 2189 968 2212 a
983 2176 1209 2213 civitatibus
1227 2177 1348 2213 Asiae
1360 2176 1508 2214 factum

192 2235 300 2272 fama
320 2235 483 2272 ferebat.
539 2236 641 2271 Eum
662 2248 890 2272 consensum
911 2237 1076 2284 deosque
1094 2237 1332 2273 consociatos
1346 2237 1509 2275 laudare
