1674 2506
188 115 235 152 46
776 124 868 149 ΜΠ
898 124 923 149 1.

148 209 166 246 5
187 219 371 256 Romana
399 216 551 267 lugebit
575 215 761 254 hostem?
815 216 947 253 Atrox
975 216 1101 253 visum
1130 216 1170 253 id
1202 215 1356 253 facinus
1383 215 1506 265 patri-

186 281 258 318 bus
286 279 477 329 plebique,
504 278 570 316 sed
599 291 731 314 recens
759 278 945 314 meritum
974 277 1080 314 facto
1108 277 1303 315 obstabat.
1359 277 1508 314 Tamen

187 345 326 391 raptus
345 341 387 378 in
406 341 467 378 ius
485 340 537 377 ad
555 353 699 389 regem.
752 340 850 386 Rex,
864 352 914 376 ne
932 340 1014 389 ipse
1033 343 1118 376 tam
1137 339 1264 376 tristis
1282 339 1509 389 ingratique

186 403 237 440 ad
268 402 410 451 vulgus
437 402 570 438 iudicii
606 414 652 438 ac
688 401 900 438 secundum
932 401 1122 438 iudicium
1154 401 1334 450 supplicii
1371 405 1509 438 auctor

186 468 297 511 esset,
326 463 485 501 concilio
519 463 650 512 populi
683 463 873 500 advocato
902 465 924 483 “
939 463 1168 499 duumviros
1183 462 1202 478 ⁷’
1228 463 1371 512 inquit,
1403 464 1508 513 “qui

147 507 169 542 6
187 525 358 563 Horatio
371 524 675 574 perduellionem
694 524 869 561 iudicent
886 524 1098 561 secundum
1116 524 1241 573 legem
1254 522 1390 560 facio.'’
1426 522 1509 559 Lex

188 586 370 624 horrendi
399 585 585 623 carminis
613 589 724 623 erat:
756 585 955 622 duumviri
984 585 1289 635 perduellionem
1322 584 1507 621 iudicent.

188 649 229 685 Si
248 660 272 683 a
286 645 505 683 duumviris
516 646 750 695 provocarit,
767 646 1043 694 provocatione
1063 649 1225 682 certato.
1276 645 1317 682 Si
1335 646 1507 692 vincent,

186 712 304 758 caput
329 708 530 754 obnubito,
559 707 706 744 infelici
734 708 863 744 arbori
900 711 1003 744 reste
1032 707 1270 756 suspendito,
1303 708 1510 744 verberato

151 764 167 800 7
187 769 249 807 vel
276 769 386 806 intra
405 768 622 817 pomerium
641 768 703 805 vel
727 772 842 805 extra
860 768 1090 817 pomerium.
1148 768 1238 805 Hac
1266 768 1350 817 lege
1369 768 1508 804 duum-

187 830 263 867 viri
305 829 439 876 creati,
479 830 547 878 qui
584 842 624 866 se
661 830 862 867 absolvere
907 842 987 866 non
1023 829 1221 866 rebantur
1252 842 1299 866 ea
1339 829 1424 878 lege
1460 842 1510 867 ne

187 890 393 928 innoxium
430 891 587 939 quidem
626 903 746 940 posse,
785 903 874 927 cum
911 889 1246 936 condemnassent,
1283 893 1371 927 tum
1408 889 1511 927 alter

188 965 236 990 ex
273 951 334 988 his
364 951 519 988 “Publi
548 952 708 998 Horati,
737 951 810 987 tibi
843 950 1147 1000 perduellionem
1174 951 1301 987 iudico
1317 950 1338 966 ''
1365 951 1508 1000 inquit.

147 996 169 1032 8
189 1015 211 1033 “
228 1013 371 1059 Lictor,
409 1013 562 1061 conliga
599 1012 775 1049 manus.”
830 1013 1062 1049 Accesserat
1099 1013 1213 1049 lictor
1248 1012 1510 1061 iniciebatque

188 1075 383 1124 laqueum.
455 1074 555 1110 Tum
595 1073 791 1111 Horatius
829 1078 989 1110 auctore
1026 1073 1149 1120 Tullo,
1189 1074 1381 1110 clemente
1415 1073 1511 1122 legis

188 1135 416 1184 interprete,
439 1134 661 1184 “provoco''
679 1135 823 1183 inquit.
872 1135 940 1171 Ita
960 1135 1006 1171 de
1025 1137 1299 1184 provocatione
1313 1138 1510 1172 certatum

148 1194 169 1228 9
188 1196 238 1233 ad
266 1196 454 1245 populum
474 1200 544 1232 est.
602 1195 705 1232 Moti
733 1196 909 1232 homines
929 1199 1023 1232 sunt
1050 1196 1092 1232 in
1111 1209 1155 1233 eo
1182 1196 1324 1232 iudicio
1342 1196 1511 1233 maxime

189 1258 330 1295 Publio
365 1258 535 1294 Horatio
563 1261 679 1307 patre
706 1257 986 1307 proclamante,
1016 1270 1056 1294 se
1093 1257 1214 1294 filiam
1246 1258 1331 1294 iure
1358 1270 1510 1294 caesam

188 1319 381 1366 iudicare3
401 1318 443 1354 ni
467 1318 525 1354 ita
545 1322 656 1363 esset,
678 1319 807 1367 patrio
832 1319 918 1354 iure
937 1319 979 1354 in
999 1318 1122 1354 filium
1142 1319 1510 1356 animadversurum

188 1381 318 1417 fuisse.
375 1379 528 1417 Orabat
548 1380 699 1426 deinde,
720 1392 769 1416 ne
788 1392 839 1425 se,
859 1391 974 1428 quem
994 1379 1112 1428 paulo
1131 1384 1226 1416 ante
1244 1393 1332 1417 cum
1351 1380 1510 1430 egregia

127 1440 171 1463 10
189 1442 309 1490 stirpe
341 1440 644 1489 conspexissent,
674 1440 813 1477 orbum
851 1439 983 1476 liberis
1020 1440 1209 1477 facerent.
1265 1440 1380 1477 Inter
1415 1441 1511 1477 haec

189 1515 306 1540 senex
329 1503 511 1539 iuvenem
539 1502 752 1550 amplexus,
782 1501 905 1550 spolia
939 1501 1207 1538 Curiatiorum
1235 1501 1314 1538 fixa
1341 1515 1386 1538 eo
1416 1503 1509 1549 loco,

189 1565 257 1615 qui
293 1577 399 1601 nunc
432 1563 517 1600 Pila
555 1563 728 1600 Horatia
766 1563 1000 1612 appellatur,
1029 1566 1242 1609 ostentans,
1273 1563 1478 1601 “huncine
1492 1564 1511 1579 ''

190 1627 334 1672 aiebat,
364 1628 515 1674 “quem
544 1625 657 1661 modo
686 1624 912 1661 decoratum
941 1629 1202 1674 ovantemque
1221 1626 1385 1661 victoria
1411 1626 1510 1662 ince-

190 1689 347 1725 dentem
384 1687 546 1732 vidistis,
587 1686 772 1732 Quirites,
811 1699 899 1723 eum
936 1687 1008 1723 sub
1045 1686 1157 1723 furca
1193 1687 1370 1723 vinctum
1406 1686 1512 1723 inter

190 1750 352 1787 verbera
379 1752 420 1786 et
446 1750 644 1785 cruciatus
676 1749 807 1785 videre
835 1749 1007 1798 potestis,
1038 1748 1140 1797 quod
1169 1747 1235 1784 vix
1262 1748 1510 1784 Albanorum

189 1810 290 1848 oculi
325 1814 409 1847 tam
447 1810 621 1847 deforme
652 1811 918 1859 spectaculum
949 1809 1051 1846 ferre
1082 1811 1265 1859 possent?
1321 1810 1356 1855 I,
1384 1809 1509 1855 lictor,

190 1872 344 1921 conliga
363 1884 516 1918 manus,
536 1863 637 1921 quae
664 1871 783 1920 paulo
810 1875 905 1907 ante
933 1875 1113 1907 armatae
1139 1871 1346 1919 imperium
1370 1870 1511 1919 populo

192 1933 371 1969 Romano
408 1935 654 1981 pepererunt.
729 1933 763 1978 I,
801 1935 918 1981 caput
954 1932 1107 1968 obnube
1147 1930 1367 1968 liberatoris
1402 1931 1512 1968 urbis

192 1993 308 2029 huius
323 2005 333 2038 3
353 1993 491 2029 arbore
506 1992 652 2028 infelici
671 1992 872 2041 suspende,
890 1993 1053 2029 verbera
1073 1992 1134 2028 vel
1152 1993 1262 2028 intra
1281 1993 1509 2040 pomerium,

191 2053 303 2090 modo
326 2053 430 2089 inter
455 2053 522 2089 illa
542 2053 620 2101 pila
640 2057 680 2089 et
701 2053 825 2101 spolia
853 2053 1037 2099 hostium,
1058 2053 1118 2089 vel
1148 2056 1262 2089 extra
1281 2053 1510 2101 pomerium,

191 2114 304 2151 modo
331 2114 435 2150 inter
454 2114 632 2162 sepulcra
659 2114 938 2151 Curiatiorum.
994 2114 1080 2158 Quo
1107 2114 1211 2149 enim
1240 2114 1380 2150 ducere
1407 2113 1511 2150 hunc

191 2175 370 2211 iuvenem
390 2175 562 2223 potestis,
583 2174 650 2211 ubi
678 2187 757 2211 non
776 2187 848 2210 sua
876 2174 1012 2210 decora
1031 2186 1119 2210 eum
1139 2187 1163 2210 a
1188 2178 1304 2210 tanta
1323 2174 1512 2212 foeditate

128 2232 169 2256 ¹²
191 2234 368 2283 supplicii
387 2234 634 2272 vindicent‘l”
684 2235 777 2272 Non
796 2235 891 2271 tulit
909 2235 1076 2283 populus
1095 2247 1165 2271 nec
1184 2235 1309 2284 patris
1327 2235 1512 2273 lacrimas

130 1809 167 1832 [Ι
