1674 2506
642 172 779 198 cHAPs.
811 160 873 206 26,
904 160 964 196 27.
1411 157 1458 193 47

140 278 210 302 nec
227 265 350 314 ipsius
367 277 503 314 parem
525 265 568 301 in
586 263 692 300 omni
718 262 889 312 periculo
908 261 1085 298 animum
1101 274 1111 308 3
1130 260 1462 308 absolveruntque

139 326 401 364 admiratione
428 326 553 375 magis
581 323 743 361 virtutis
760 336 880 373 quam
908 322 994 359 iure
1021 334 1172 358 causae.
1230 321 1384 369 Itaque,
1415 323 1462 357 ut

140 388 275 425 caedes
294 387 508 424 manifesta
528 387 658 435 aliquo
682 389 817 422 tamen
837 384 989 434 piaculo
1014 384 1203 429 lueretur,
1223 382 1458 430 imperatum

141 448 258 498 patri,
287 453 334 485 ut
363 448 488 484 filium
518 447 696 496 expiaret
732 446 897 495 pecunia
934 445 1101 493 publica.
1159 444 1202 480 Is
1229 442 1461 492 quibusdam
1486 454 1530 489 13

141 509 408 560 piacularibus
439 509 638 545 sacrificiis
670 507 794 553 factis,
829 519 931 555 quae
962 506 1100 542 deinde
1129 505 1239 554 genti
1272 503 1463 541 Horatiae

141 570 289 608 tradita
317 573 422 615 sunt,
453 568 684 605 transmisso
720 580 790 617 per
826 568 928 603 viam
958 566 1084 615 tigillo
1117 566 1244 614 capite
1276 565 1463 613 adoperto

141 633 251 669 velut
275 631 348 668 sub
374 631 509 679 iugum
529 630 636 667 misit
662 631 855 666 iuvenem.
914 628 961 664 Id
990 627 1103 664 hodie
1130 638 1284 676 quoque
1312 626 1464 675 publice

142 705 294 742 semper
311 691 503 728 refectum
525 690 900 733 manet3sor011um
926 689 1098 738 tigillum
1127 692 1280 724 vocant.
1339 687 1465 723 Hora-

142 754 223 791 tiae
260 753 493 802 sepulcrum,
521 764 599 801 quo
631 751 713 788 loco
739 754 941 787 corruerat
976 750 1068 796 icta,
1098 753 1367 786 constructum
1405 753 1465 785 est
1487 732 1532 765 ¹4

143 827 234 852 saxo
253 814 461 863 quadrato.

197 939 383 977 XXVII.
414 939 499 976 Nec
526 938 593 975 diu
621 950 699 987 pax
727 937 887 973 Albana
914 935 1070 973 mansit.
1145 934 1305 972 Invidia
1344 934 1463 984 vulgi,
1489 944 1502 968 1

144 1001 246 1050 quod
261 1001 388 1037 tribus
400 1000 590 1037 militibus
603 1000 766 1036 fortuna
778 999 934 1047 publica
947 998 1150 1035 commissa
1166 997 1300 1042 fuerit,
1316 1009 1464 1033 vanum

143 1062 347 1112 ingenium
360 1063 562 1099 dictatoris
580 1061 767 1110 corrupit,
783 1065 835 1106 et,
857 1060 1042 1109 quoniam
1061 1063 1168 1096 recta
1180 1058 1339 1095 consilia
1357 1057 1465 1094 haud

145 1116 243 1161 bene
257 1128 483 1170 evenerant,
496 1123 627 1172 pravis
641 1122 887 1159 reconciliare
902 1120 1150 1170 popularium
1164 1121 1314 1156 animos
1325 1120 1462 1169 coepit.

146 1185 279 1234 Igitur
310 1189 357 1221 ut
389 1185 498 1234 prius
530 1184 572 1221 in
601 1184 700 1220 bello
729 1195 877 1232 pacem,
910 1183 963 1219 sic
990 1182 1032 1219 in
1059 1194 1155 1231 pace
1173 1181 1318 1218 bellum
1351 1193 1467 1229 quae·
1486 1194 1506 1218 2

146 1259 246 1293 rens,
265 1246 360 1295 quia
374 1259 468 1283 suae
486 1246 641 1283 civitati
655 1245 874 1282 animorum
888 1244 977 1293 plus
991 1256 1110 1292 quam
1122 1243 1267 1279 virium
1283 1243 1468 1279 cernebat

145 1320 236 1353 esse,
270 1308 321 1344 ad
352 1307 497 1344 bellum
536 1307 668 1356 palam
706 1310 827 1355 atque
863 1318 911 1342 ex
949 1305 1074 1342 edicto
1111 1304 1332 1354 gerundum
1371 1304 1467 1340 alios

145 1369 318 1406 concitat
337 1369 509 1418 populos,
530 1368 611 1405 suis
638 1358 708 1417 per
727 1368 891 1416 speciem
913 1367 1111 1403 societatis
1132 1365 1390 1415 proditionem
1410 1377 1467 1402 re-

145 1433 288 1467 servat.
337 1430 555 1474 Fidenates,
577 1429 726 1466 colonia
739 1429 934 1474 Romana,
949 1427 1184 1464 Veientibus
1199 1427 1308 1463 sociis
1319 1426 1467 1463 consilii
1486 1437 1508 1473 3

145 1490 362 1541 adsumptis
389 1494 505 1540 pacto
537 1490 786 1526 transitionis
812 1489 1063 1525 Albanorum
1092 1487 1143 1524 ad
1172 1488 1318 1524 bellum
1347 1491 1468 1536 atque

147 1565 258 1589 arma
290 1552 523 1589 incitantur.
581 1551 681 1587 Cum
715 1550 885 1587 Fidenae
913 1553 1050 1598 aperte
1078 1549 1300 1595 descissent,
1331 1548 1468 1585 Tullus-1
1486 1560 1510 1594 4

147 1613 291 1650 Mettio
303 1613 555 1661 exercituque
575 1613 658 1648 eius
685 1611 736 1647 ab
762 1611 870 1647 Alba
898 1610 1022 1647 accito
1040 1614 1178 1646 contra
1198 1609 1328 1646 hostes
1347 1609 1465 1646 ducit.

150 1674 229 1712 Ubi
246 1674 443 1711 Anienem
462 1673 633 1718 transiit,
653 1672 701 1708 ad
720 1672 952 1708 confluentis
971 1671 1133 1708 collocat
1151 1675 1296 1709 castra.
1353 1671 1468 1708 Inter

147 1748 236 1773 eum
249 1736 373 1772 locum
382 1739 422 1771 et
435 1734 604 1771 Fidenas
615 1733 846 1770 Veientium
859 1733 1053 1769 exercitus
1060 1732 1229 1769 Tiberim
1240 1732 1465 1769 transierat.

149 1797 206 1834 Hi
226 1800 267 1834 et
294 1797 336 1833 in
355 1796 437 1833 acie
456 1808 575 1845 prope
594 1795 741 1831 flumen
761 1797 924 1831 tenuere
944 1794 1127 1830 dextrum
1146 1806 1278 1840 cornu,
1299 1794 1340 1830 in
1359 1794 1468 1830 sinis·
1488 1806 1508 1844 5

147 1861 209 1894 tro
238 1857 446 1894 Fidenates
473 1856 634 1906 propius
661 1859 815 1892 montes
840 1855 1072 1892 consistunt.
1128 1855 1264 1891 Tullus
1283 1855 1468 1891 adversus

149 1919 357 1955 Veientem
385 1918 538 1955 hostem
568 1917 712 1966 derigit
749 1929 838 1953 suos
853 1930 863 1963 3
901 1916 1081 1953 Albanos
1110 1920 1248 1953 contra
1276 1916 1467 1965 legionem

149 1979 398 2017 Fidenatium
426 1979 600 2016 collocat.
657 1978 816 2015 Albano
843 1990 923 2014 non
950 1978 1038 2027 plus
1066 1977 1189 2014 animi
1226 1981 1310 2014 erat
1347 1991 1467 2026 quam

146 2040 248 2078 fidei.
322 2041 406 2077 Nec
433 2053 594 2077 manere
623 2053 714 2088 ergo
734 2052 804 2076 nec
823 2039 994 2075 transire
1023 2043 1159 2087 aperte
1178 2052 1298 2076 ausus
1324 2039 1467 2076 sensim

148 2101 198 2138 ad
225 2105 377 2139 montes
404 2102 586 2138 succedit.
635 2101 745 2146 Inde,
766 2100 835 2137 ubi
864 2101 962 2137 satis
984 2100 1132 2137 subisse
1157 2113 1238 2137 sese
1270 2104 1382 2137 ratus
1410 2105 1468 2138 est
1488 2104 1509 2139 6

147 2163 266 2211 erigit
294 2166 421 2199 totam
450 2163 584 2208 aciem,
606 2162 879 2210 fluctuansque
898 2161 1041 2208 animo,
1061 2165 1108 2198 ut
1126 2165 1272 2198 tereret
1301 2167 1467 2210 teinpus,

148 2223 302 2260 ordines
319 2223 501 2272 explicat.
554 2223 768 2260 Consilium
788 2226 888 2268 erat,
904 2235 981 2271 qua
996 2222 1159 2259 fortuna
1178 2235 1261 2260 rem
1277 2222 1400 2268 daret,
1422 2235 1467 2259 ea

149 2283 338 2320 inclinare
366 2284 477 2321 vires.
508 2283 703 2320 Miraculo
729 2283 856 2332 primo
885 2295 966 2320 esse
986 2283 1184 2330 Romanis,
1205 2284 1273 2332 qui
1301 2284 1467 2332 proximi
1489 2297 1509 2336 7
