1674 2506
185 135 233 174 74
776 147 865 173 ΜΠ
895 147 921 173 1.

181 254 388 279 numerum
408 241 458 277 ad
477 254 567 278 eum
587 244 827 287 convectum,
850 240 897 276 Id
917 253 1064 277 vanum
1085 252 1207 276 necne
1226 240 1288 286 sit,
1309 238 1503 287 extemplo

181 302 270 338 sciri
288 314 407 351 posse.
465 302 622 351 Rogare
642 315 716 348 eos,
737 306 784 339 ut
802 301 893 338 inde
908 314 1038 338 secum
1057 301 1109 337 ad
1128 301 1307 337 Turnum
1328 300 1492 337 veniant

142 361 411 410 7Suspectam
444 362 536 398 fecit
569 375 650 398 rem
683 366 723 398 et
755 361 958 410 ingenium
997 361 1120 397 Turni
1159 361 1268 398 ferox
1305 365 1344 398 et
1377 361 1503 397 oratio

180 422 364 460 hesterna
392 427 432 460 et
460 436 571 460 mora
599 423 797 472 Tarquini,
819 422 920 471 quod
948 422 1156 458 videbatur
1183 423 1232 458 ob
1251 435 1337 458 eam
1357 421 1503 459 differri

180 484 307 521 caedis
344 485 526 533 potuisse.
602 484 714 521 Eunt
750 483 952 520 inclinatis
988 483 1144 532 quidem
1183 482 1233 520 ad
1270 483 1502 520 credendum

180 546 331 592 animis,
362 550 498 582 tamen
526 545 600 582 nisi
629 545 770 594 gladiis
797 544 1047 594 deprehensis
1074 549 1205 581 cetera
1238 557 1343 581 vana
1371 545 1502 580 existi-

138 609 160 643 8
179 608 338 644 maturi.
396 607 479 644 Ubi
507 611 566 643 est
594 619 638 643 eo
656 611 833 653 ventum,
853 606 1033 642 Turnum
1060 618 1108 642 ex
1126 618 1259 642 somno
1286 605 1501 642 excitatum

179 670 474 706 circumsistunt
499 669 698 716 custodes,
728 669 1078 718 conprehensisque
1097 669 1227 714 servis,
1249 669 1316 717 qui
1335 668 1503 705 caritate

178 731 325 768 domini
354 732 431 767 vim
466 731 675 781 parabant,
709 744 796 767 cum
826 730 944 780 gladii
973 730 1098 766 abditi
1127 743 1174 766 ex
1201 731 1382 766 omnibus
1409 730 1503 766 locis

179 792 408 829 deverticuli
445 791 786 841 protraherentur,
824 791 1021 828 enimvero
1058 791 1271 828 manifesta
1308 803 1370 827 res
1406 791 1501 837 visa,

178 853 420 902 iniectaeque
449 853 583 889 Turno
613 856 799 899 catenae3
837 856 879 889 et
910 851 1115 888 confestim
1151 851 1384 888 Latinorum
1413 865 1502 888 con-

138 926 159 960 9
177 915 309 951 cilium
348 928 489 964 magno
526 927 614 951 cum
654 914 831 950 tumultu
869 913 1094 950 advocatur.
1165 914 1229 950 Ibi
1266 918 1350 950 tam
1387 917 1503 950 atrox

176 976 324 1013 invidia
353 980 442 1012 orta
472 978 531 1012 est
560 975 701 1024 gladiis
730 975 772 1011 in
802 975 928 1011 medio
960 974 1106 1023 positis,
1136 978 1182 1010 ut
1208 974 1357 1011 indicta
1385 987 1503 1011 causa

177 1049 278 1073 novo
304 1048 446 1086 genere
473 1036 544 1073 leti
563 1035 735 1072 deiectus
762 1035 814 1072 ad
833 1038 954 1084 caput
973 1047 1100 1084 aquae
1130 1034 1366 1072 Ferentinae
1393 1039 1502 1072 crate

177 1110 344 1146 superne
362 1098 506 1134 iniecta
525 1097 707 1145 saxisque
725 1096 918 1145 congestis
938 1099 1192 1144 mergeretur.

143 1235 155 1257 1
232 1219 325 1256 LII.
356 1218 568 1255 Revocatis
600 1217 738 1255 deinde
766 1217 817 1254 ad
844 1217 1050 1254 concilium
1079 1217 1234 1253 Latinis
1263 1217 1502 1266 Tarquinius

178 1281 511 1330 conlaudatisque,
544 1281 613 1329 qui
643 1281 822 1317 Turnum
859 1283 1073 1316 novantem
1102 1291 1164 1315 res
1191 1291 1261 1327 pro
1290 1278 1501 1316 manifesto

139 1358 157 1382 2
176 1341 384 1390 parricidio
412 1341 554 1377 merita
582 1353 706 1389 poena
734 1340 980 1386 adfecissent,
1006 1340 1064 1377 ita
1092 1340 1212 1376 verba
1240 1339 1359 1378 fecit:
1390 1352 1501 1389 posse

176 1405 332 1455 quidem
355 1418 394 1442 se
420 1408 576 1441 vetusto
604 1404 687 1441 iure
716 1417 842 1453 agere,
863 1404 980 1453 quod,
1009 1417 1096 1441 oum
1126 1416 1259 1440 omnes
1290 1404 1424 1441 Latini
1451 1405 1501 1441 ab

177 1467 284 1505 Alba
313 1466 468 1503 oriundi
496 1467 589 1512 sint,
618 1466 660 1502 in
688 1478 732 1502 eo
762 1466 917 1503 foedere
949 1470 1174 1511 teneantur,
1201 1478 1279 1515 quo
1308 1466 1359 1503 ab
1389 1466 1502 1502 Tullo

177 1541 238 1566 res
266 1529 393 1566 omnis
420 1528 580 1565 Albana
609 1541 698 1564 cum
727 1527 884 1564 coloniis
912 1528 991 1564 suis
1020 1528 1060 1563 in
1089 1527 1315 1564 Romanum
1344 1528 1501 1565 cesserit

140 1606 159 1640 3
178 1590 412 1639 imperium3
452 1593 625 1626 ceterum
658 1602 698 1626 se
726 1588 915 1625 utilitatis
947 1589 986 1625 id
1019 1589 1144 1638 magis
1175 1589 1349 1626 omnium
1382 1602 1500 1626 causa

177 1666 344 1698 censere,
365 1657 412 1690 ut
437 1657 649 1690 renovetur
673 1653 712 1689 id
742 1652 888 1698 foedus,
910 1653 1156 1702 secundaque
1182 1653 1312 1702 potius
1337 1652 1500 1689 fortuna

177 1715 310 1765 populi
332 1715 502 1751 Romani
521 1719 568 1751 ut
587 1714 796 1763 participes
818 1714 954 1750 Latini
973 1714 1175 1761 fruantur,
1197 1726 1317 1763 quam
1342 1714 1499 1750 urbium

177 1776 327 1813 excidia
365 1776 681 1825 vastationesque
713 1788 911 1824 agrorum,
945 1788 1044 1824 quas
1081 1775 1194 1812 Anco
1230 1776 1350 1824 prius,
1385 1780 1500 1824 patre

177 1838 315 1875 deinde
334 1850 403 1874 suo
423 1842 616 1887 regnante
634 1837 804 1887 perpessi
823 1837 916 1884 sint,
937 1849 1087 1886 semper
1106 1841 1177 1873 aut
1195 1840 1403 1886 expectent
1428 1839 1500 1873 aut

138 1914 160 1947 4
177 1899 393 1948 patiantur.
451 1899 573 1936 Haud
594 1900 801 1936 difficulter
820 1911 1051 1948 persuasum
1071 1898 1236 1945 Latinis,
1257 1911 1499 1947 quamquam

177 1961 218 1997 in
237 1973 282 1997 eo
302 1960 454 1997 foedere
473 1961 648 2010 superior
667 1961 848 1997 Romana
868 1973 931 1997 res
950 1964 1047 1997 erat.
1106 1960 1289 1997 Ceterum
1310 1963 1349 1996 et
1368 1959 1499 2008 capita

177 2021 345 2058 nominis
384 2022 520 2058 Latini
558 2026 665 2058 stare
702 2034 748 2057 ao
786 2021 932 2058 sentire
969 2033 1058 2057 cum
1095 2033 1185 2069 rege
1222 2020 1421 2067 videbant,
1459 2023 1499 2057 et

177 2082 334 2118 Turnus
361 2082 423 2118 sui
451 2082 590 2131 cuique
617 2082 788 2131 periculi,
809 2082 842 2118 si
865 2082 1097 2118 adversatus
1119 2085 1232 2128 esset,
1255 2093 1386 2118 recens
1411 2085 1495 2118 erat

139 2160 159 2198 5
177 2144 466 2180 documentum.
523 2145 589 2180 Ita
614 2146 849 2180 renovatum
875 2143 1022 2189 foedus,
1049 2143 1318 2191 indictumque
1341 2142 1498 2179 iuniori·

177 2204 250 2241 bus
269 2204 515 2251 Latinorum,
536 2209 582 2241 ut
602 2217 650 2240 ex
669 2204 822 2241 foedere
842 2204 904 2240 die
922 2208 1028 2240 certa
1047 2204 1095 2240 ad
1114 2204 1245 2240 lucum
1266 2203 1499 2240 Ferentinae

138 2269 160 2304 6
176 2265 319 2302 armati
333 2265 557 2314 frequentes
570 2265 761 2301 adessent.
803 2264 879 2309 Qui
891 2264 959 2301 ubi
972 2264 1020 2300 ad
1033 2264 1204 2301 edietum
1218 2264 1385 2301 Romani
1396 2264 1498 2313 regis
